1835 3396
729 485 1280 540 CULEX

364 632 1008 682 PROBABILITER
1068 632 1628 680 RESTITUTUS

531 785 641 818 CUM
664 785 941 818 NOTATIONE
966 785 1459 818 INTERPOLATIONUM.⁴⁶

337 1012 482 1091 Lusi
494 1063 584 1090 mus
612 1051 762 1097 Ofiwi,
779 1053 912 1105 gracili
928 1054 1138 1092 modulante
1155 1053 1318 1100 Thalia;

334 1110 478 1162 Atque,
496 1121 536 1149 ut
550 1112 725 1157 araneoli,
743 1121 884 1151 tenuem
905 1113 1142 1152 formavimus
1159 1113 1277 1151 orsum
1294 1125 1304 1149 :

335 1171 487 1222 Ltfimus
501 1187 517 1212 .·
543 1173 618 1211 haec
627 1183 764 1223 propter
781 1173 813 1209 C
815 1173 904 1212 ulicis
909 1178 996 1223 stmt
1013 1180 1166 1212 carmina
1183 1175 1291 1218 dida,

335 1229 454 1268 Omnis
471 1242 509 1270 ut
526 1231 668 1282 bzstoriae
678 1242 746 1280 per
761 1231 874 1269 ludum
890 1237 1032 1284 consonet
1048 1234 1135 1271 ordo.

335 1289 502 1330 Notitiam
518 1293 642 1330 ducunt
660 1306 768 1330 voces.
821 1291 914 1330 Licet
932 1295 1068 1330 invidus
1084 1294 1185 1344 adsit.

334 1351 493 1403 Qct'squis
509 1359 573 1390 erit
589 1351 726 1402 culpare
730 1355 821 1404 jocos
837 1353 1036 1405 Mzgsamque
1047 1363 1211 1403 paralus,

335 1413 485 1449 Pondere
502 1412 567 1450 vel
579 1413 689 1450 culicis
707 1412 817 1450 levior
828 1417 1004 1465 famaque
1015 1419 1168 1464 seretur.

335 1471 512 1510 Posterius
529 1471 696 1523 graviore
715 1471 803 1510 sono
820 1472 893 1510 tibi
909 1472 1018 1510 Musa
1036 1473 1204 1524 loquetur

333 1530 486 1577 Nostra,
503 1532 643 1570 dabunt
662 1545 746 1570 cum
764 1531 906 1570 securos
925 1533 1018 1570 mihi
1037 1543 1198 1584 tempora
1217 1543 1358 1586 portus,

333 1591 390 1629 Ut
407 1591 476 1629 tibi
494 1592 609 1644 digna
625 1601 689 1629 tuo
706 1592 889 1642 poliantur
907 1593 1068 1631 carmina
1085 1592 1199 1631 sensu.

383 1654 529 1692 Latonae
547 1658 722 1706 magnique
739 1655 847 1704 Jovis
867 1670 988 1706 genus,
1007 1671 1116 1693 aurea
1137 1655 1267 1706 proles,

331 1711 485 1751 Pboebus
503 1718 565 1750 erit
582 1715 683 1762 nqstri
692 1719 845 1764 princeps
862 1723 893 1750 et
910 1720 1068 1752 carminis
1084 1721 1204 1753 αιιέῗον

332 1774 381 1811 Et
399 1780 558 1812 recinente
572 1772 650 1824 gyra
664 1776 813 1823 satctor3
829 1778 894 1826 seu
910 1775 1033 1813 detinet
1052 1775 1149 1813 illum

332 1834 440 1872 Alma
455 1834 642 1872 Chimaereo
661 1833 820 1872 Xanthus
830 1837 973 1886 peffusa
988 1835 1126 1887 liquore,

333 1895 401 1932 Seu
419 1909 531 1932 nemus
547 1894 702 1943 Asteriae,
714 1897 780 1942 seu
797 1910 866 1946 qua
883 1894 1067 1942 Parnaffia
1091 1907 1185 1946 rupes

332 1955 427 1992 Hinc
441 1965 541 2005 atque
556 1953 634 1991 hinc
646 1953 773 2003 patula
785 1955 984 2004 praepelndit
1000 1969 1122 1993 cornua
1136 1960 1273 2007 fronte,

333 2014 368 2051 C
368 2013 564 2066 astaliaeque
568 2016 698 2064 sonans
714 2013 836 2066 liquido
846 2016 931 2066 pede
948 2014 1077 2053 labitur
1089 2016 1194 2054 unda.

385 2075 450 2113 Vos
467 2089 590 2125 quoque
605 2073 714 2111 Pierii
727 2074 837 2112 lacitis
851 2076 943 2112 decus
947 2103 960 2119 ,
979 2079 1035 2120 ite,
1048 2077 1177 2125 sorores

1612 1608 1659 1637 10

1609 1910 1654 1949 15

1508 2138 1661 2179 hyades

376 2258 398 2276 ἰ
428 2256 513 2289 Cum
543 2266 584 2287 ne
621 2255 795 2287 tolerabilis
826 2255 958 2298 quidem

331 2300 430 2334 1εᾶἰο
465 2299 585 2332 Culicis
613 2299 661 2336 sit,
700 2299 851 2340 nullaque
883 2299 959 2331 inde

331 2345 466 2378 omnino
503 2343 624 2386 percipi
661 2342 752 2384 possit
791 2343 957 2384 voluptas:

356 2388 511 2421 ericulum
549 2386 620 2422 feci,
659 2396 699 2416 an
737 2394 861 2417 mutata
894 2387 961 2427 ejus

330 2402 484 2469 ilffione,
507 2438 578 2462 tum
593 2440 631 2460 ex
646 2428 803 2460 librorum
826 2440 961 2472 corrup-

330 2476 416 2515 telis,
443 2483 514 2506 tum
541 2484 579 2505 ex
608 2473 753 2503 virorum
789 2472 960 2504 dodim-um

331 2517 612 2552 emendationibus
633 2523 664 2547 et
688 2517 890 2557 conjefflurig
914 2517 962 2546 in-

333 2561 602 2605 terpolationibus
616 2570 693 2590 vero
709 2560 892 2590 chara&ere
909 2559 963 2590 lit-

331 2615 476 2639 terarum
498 2603 622 2636 diverso
648 2603 776 2640 notatis,
801 2604 961 2633 exiturum

333 2651 411 2682 essct
427 2658 567 2684 carmen,
597 2647 683 2688 quod
712 2646 774 2677 fine
791 2646 964 2677 offensione

333 2695 397 2736 legi
413 2692 516 2735 poffit.
561 2692 621 2721 Me
638 2701 701 2720 non
723 2700 835 2720 omnes
856 2698 963 2720 mutn-

333 2739 438 2768 cinnes
461 2734 606 2777 praestare
632 2742 687 2764 aut
714 2743 823 2763 veram
849 2744 883 2763 ac
907 2745 964 2775 ge-

334 2782 466 2812 nuinam
493 2779 665 2810 leffionem
693 2776 810 2817 ubique
837 2776 963 2808 restitu-

334 2834 401 2855 tam
442 2823 621 2857 venditare,
659 2821 710 2850 vix
742 2831 822 2861 opus
854 2820 897 2850 cst
926 2828 961 2851 ut

335 2878 492 2899 naamam.
542 2867 576 2896 ln
608 2865 653 2899 iis,
687 2875 757 2905 quse
787 2863 962 2906 interpola·

1024 2263 1134 2287 torum
1151 2255 1400 2299 intemperantia
1415 2264 1448 2289 et
1463 2256 1547 2289 mala
1564 2257 1659 2289 sedu-

1024 2299 1114 2331 litate
1141 2300 1325 2341 interpofita
1348 2301 1433 2339 sunt,
1454 2301 1539 2332 haud
1555 2312 1657 2343 pauca

1025 2342 1089 2384 legi
1116 2343 1254 2385 suspicor
1274 2344 1408 2375 meliora
1435 2344 1482 2380 iis,
1511 2355 1582 2386 quae
1599 2345 1657 2386 ipfi

1025 2394 1117 2418 erant
1146 2388 1323 2419 commenti
1349 2398 1464 2430 parurn
1493 2388 1588 2419 doeke
1619 2399 1655 2419 ac

1025 2429 1112 2460 scite.
1173 2430 1307 2461 Licebat
1349 2431 1484 2463 similem
1523 2442 1657 2473 operam

1027 2473 1095 2503 Ciri
1135 2474 1353 2506 commodare.
1400 2478 1524 2507 Verum
1558 2475 1657 2516 speci-

1026 2526 1101 2547 men
1134 2527 1314 2560 proponere
1341 2517 1507 2556 volebam3
1529 2518 1562 2549 in
1592 2529 1658 2560 quo

1026 2560 1228 2602 expoliendo,
1266 2561 1501 2603 impugnando,
1545 2561 1657 2593 defen-

1027 2603 1143 2639 dendo,
1175 2604 1229 2646 qui
1262 2605 1381 2636 vellent
1408 2605 1537 2647 ingenia
1566 2616 1656 2636 exer-

1029 2647 1140 2677 ceant!
1167 2648 1268 2678 Lusus
1282 2648 1403 2688 ingenii
1420 2657 1451 2680 et
1468 2649 1518 2679 hic
1535 2648 1610 2679 esto.

1072 2701 1101 2721 v.
1129 2700 1146 2730 3
1171 2692 1235 2733 sqq.
1262 2699 1292 2722 ct
1321 2700 1359 2722 11
1387 2693 1453 2734 sqq.
1480 2692 1656 2735 Interpola-

1029 2740 1076 2764 tio
1093 2744 1267 2765 vanorum.

1071 2788 1100 2808 v.
1133 2779 1183 2809 18.
1208 2780 1309 2811 Nova·
1329 2777 1547 2822 interpolatio.
1595 2779 1658 2811 Ite—

1026 2830 1099 2852 rum
1117 2829 1166 2853 20.
