1835 3396
432 222 494 284 93
806 215 1369 265 PROOEMIUM

430 350 655 397 carmine.
727 349 972 413 Adseripti
996 351 1043 396 in
1067 351 1281 413 margine
1302 347 1473 406 versus,
1502 349 1625 414 saepe
1648 350 1752 398 ima«

427 432 645 494 perfecti,
679 448 706 478 a
748 432 959 488 librario,
996 431 1078 493 qui
1104 430 1402 478 describebat
1426 431 1659 489 codicem,
1691 432 1743 478 in

429 527 615 562 textum
639 517 742 564 sunt
767 517 943 578 recepti
964 535 973 563 :
1010 516 1228 562 nonnulli
1250 515 1356 561 satis
1377 515 1549 580 arguti,
1581 515 1662 562 alii
1685 531 1744 563 ex

429 599 661 648 similibus
706 615 917 649 veterum
968 600 1221 664 poetarum
1267 600 1385 647 locis
1436 601 1622 648 retracti
1667 600 1741 648 vel

428 682 716 741 adumbrati,
784 699 877 746 qua
937 683 996 728 de
1072 699 1122 728 re
1185 681 1323 744 supra
1385 682 1446 729 ad
1522 682 1743 730 Culicem

429 764 614 811 dietum
650 766 730 812 est.
812 764 1016 811 Accessit
1054 765 1145 811 alia
1188 764 1447 824 calamitas,
1482 778 1537 812 ut
1569 766 1747 814 carmi-

429 862 490 893 na
530 847 611 894 illa
652 864 739 910 per
776 849 910 910 plura
953 846 1124 895 saecula
1161 847 1326 911 ignota
1369 860 1415 894 et
1449 847 1632 911 sepulta
1665 847 1745 913 ja·

429 941 604 986 cerent,
644 941 689 975 et
734 940 785 974 ut
832 928 912 975 vix
955 944 1105 975 unum
1147 928 1222 973 vel
1262 928 1464 975 alterum
1502 929 1745 992 exemplar

427 1013 487 1059 ad
548 1014 753 1059 nostram
821 1026 1011 1059 aetatern
1078 1012 1376 1075 perveniret;
1445 1012 1576 1076 quod
1629 1029 1741 1060 cum

427 1094 635 1141 obscuris
686 1095 1071 1160 fugientibusque
1121 1095 1293 1142 litteris
1340 1095 1506 1142 oculos
1559 1094 1742 1142 librarii

429 1181 719 1238 recentioris,
784 1194 864 1228 aut
920 1182 1064 1228 etiam
1120 1197 1374 1245 operarum
1429 1182 1744 1246 typographi-

427 1278 607 1321 carum,
651 1265 847 1323 falleret,
889 1267 1175 1330 corruptelas
1212 1266 1420 1313 infinitas
1457 1266 1619 1314 inferri
1660 1283 1745 1314 ne-

428 1346 548 1392 celse
574 1347 679 1393 fuit.

496 1427 780 1490 Conspirant
803 1429 962 1492 itaque
986 1430 1035 1476 in
1066 1431 1349 1494 corruptelis
1383 1431 1612 1478 editiones
1648 1431 1743 1480 fere

427 1527 610 1569 omnes,
648 1528 733 1559 nec
759 1530 783 1559 e
808 1513 939 1560 libris
973 1514 1175 1577 scriptis,
1205 1516 1287 1578 qui
1324 1527 1368 1562 et
1392 1532 1590 1562 nurnero
1625 1531 1747 1578 pau-

427 1594 612 1652 ciffimi,
647 1607 708 1652 et,
743 1610 975 1659 quantum
1013 1600 1246 1663 intelligo,
1279 1616 1444 1646 omnes
1465 1600 1745 1647 recentiores

429 1672 550 1730 sunt,
568 1675 796 1722 auxilium
812 1678 1190 1740 expectaripoffe
1206 1678 1410 1727 videtur.
1449 1679 1563 1727 Nic.
1591 1679 1748 1726 Hein-

429 1756 517 1803 sius
543 1756 589 1802 in
617 1757 828 1819 Epistola
850 1760 909 1805 ad
932 1759 1189 1805 Octavium
1211 1759 1541 1808 Falconerium
1561 1761 1749 1818 fatetur,

431 1837 553 1883 Ciris
578 1839 818 1901 exemplar
841 1839 926 1885 fibi
961 1840 1145 1886 nullum
1171 1841 1387 1887 evolvere
1411 1842 1604 1900 licuisse,
1640 1855 1749 1890 ante

427 1931 577 1966 artem
643 1921 1037 1984 typographicam
1124 1923 1367 1970 inventam
1434 1925 1744 1988 descriptum.

429 2002 625 2049 Evolvit
651 2015 809 2048 tamen
836 2004 916 2049 ille
939 2005 1096 2066 postea
1124 2005 1208 2052 ms.
1227 2005 1552 2064 Bafilemsem,
1569 2022 1649 2055 aut
1665 2025 1748 2056 va-

429 2083 629 2130 riantem
675 2084 927 2131 lectionem
952 2103 1008 2132 ex
1033 2103 1090 2134 co
1113 2088 1326 2151 accepit;
1362 2101 1571 2137 attamen
1597 2103 1643 2138 et
1666 2091 1747 2138 ille

429 2165 519 2211 fuit
543 2168 829 2226 chartaceus,
864 2181 926 2227 et,
950 2184 1183 2233 quantum
1208 2173 1438 2236 intelligo,
1474 2175 1523 2221 in
1546 2191 1746 2238 corrup-

429 2248 543 2294 telas
569 2250 781 2312 vulgares
818 2253 994 2315 ubique
1022 2255 1273 2304 consentit.
1345 2257 1517 2305 Abfuit
1557 2258 1680 2305 Ciris
1720 2275 1747 2307 a

429 2331 584 2391 prima
624 2331 817 2396 Virgilii
858 2334 1083 2394 editione,
1121 2336 1202 2382 etfi
1241 2354 1293 2384 ea
1334 2338 1518 2387 minora
1553 2341 1747 2405 Virgilii

429 2410 669 2472 poematia
709 2415 1062 2477 complectitur,
1100 2418 1283 2466 acceffit
1306 2437 1418 2467 vero
1442 2421 1489 2467 in
1531 2421 1746 2469 Romana

428 2495 601 2541 altera:
640 2496 737 2542 vid.
768 2497 1033 2544 Recensum
1053 2498 1161 2546 cdd.
1186 2500 1246 2547 T.
1267 2501 1305 2549 I.
1347 2502 1529 2550 Omissa
1552 2504 1662 2551 hinc
1687 2506 1747 2551 ab

429 2576 547 2633 aliis,
593 2578 653 2624 ab
692 2580 795 2625 aliis
840 2581 1031 2628 addita:
1078 2585 1143 2631 cf.
1186 2584 1436 2632 Fontanin.
1477 2587 1604 2635 Hist.
1651 2589 1746 2638 litt.

432 2661 639 2724 Aquilei.
667 2679 714 2723 p.
735 2680 814 2723 40.
859 2666 1086 2715 finan-are
1103 2685 1206 2715 eam
1224 2671 1409 2732 primus
1430 2671 1664 2737 aggressus
1683 2673 1747 2720 est

1574 2757 1750 2805 Domi-
