1835 3396
483 233 1068 283 CATALECTA;
1342 239 1431 296 183

116 365 425 435 Thucydides
449 383 674 434 tyrannus
699 369 880 416 Atticae
911 369 1070 447 febriS‚

117 461 222 508 Tau
247 459 494 508 Gallicum
520 460 669 523 spinae
694 459 894 522 ipsemet
918 458 1043 504 male
1067 455 1212 514 illisit,

114 551 205 598 Ista
226 549 406 607 omnia,
439 549 522 596 ista
548 549 691 596 verba
714 547 906 595 miscuit
929 547 1077 594 fratri.
1401 561 1425 612 5

112 682 214 719 tariis
226 692 260 719 et
276 682 344 719 suis
361 691 397 720 et
414 683 569 721 aliorum
587 682 736 720 instrue-

111 745 189 771 tum
206 750 214 772 :
259 734 361 784 super
391 735 471 772 aliis
490 735 535 771 ad
555 734 735 785 Interpre-

111 796 164 823 tes
208 785 452 838 Qinessliani
486 796 522 823 et
565 786 735 832 Ausonii,

112 848 189 874 tum
204 840 249 875 ad
263 839 358 876 Sam.
370 838 476 876 Petit.
489 837 647 875 Miscell.
661 837 735 883 III,

110 903 135 939 9
156 889 322 928 remittit.
375 889 430 926 Ut
466 890 589 940 paucis
621 890 737 940 igitur

108 941 374 992 defungamur:
406 942 589 991 Scriptum
603 942 649 978 est
660 942 737 992 epi-

108 996 273 1043 'gramma
300 993 338 1030 in
362 993 411 1031 C.
432 993 596 1029 Annium
631 993 736 1030 Cim-

110 1045 215 1082 brum
249 1045 463 1089 Rhetorem‚
490 1044 554 1095 qui
587 1044 734 1082 fratrem

110 1109 249 1133 veneno
267 1096 447 1133 sustulerat
465 1110 474 1134 :
503 1096 601 1134 idem
620 1097 736 1134 malus

110 1147 267 1192 Rhetor,
293 1148 356 1198 qui
374 1157 450 1193 aut,
467 1147 566 1206 quod
585 1147 624 1186 in
642 1149 736 1185 Gal-

108 1199 159 1236 lia
191 1209 293 1237 natus
325 1200 417 1238 etin
435 1199 623 1236 Britannia
640 1200 735 1237 forte

108 1256 220 1289 artem
237 1251 406 1302 profeffus
423 1261 515 1295 erat,
532 1252 639 1289 verba
652 1252 734 1289 bar·

111 1303 200 1341 baro
217 1316 317 1340 more
349 1313 385 1341 et
416 1303 550 1341 soloeco
569 1317 731 1354 pronun-

109 1355 240 1400 tiabat,
269 1365 329 1392 aut
347 1354 533 1392 insolentia
551 1366 587 1392 et
603 1355 734 1392 barba-

111 1418 150 1443 ra
183 1407 292 1444 verba
324 1417 507 1456 tamquam
533 1408 660 1458 gloffas
677 1407 733 1444 af-

109 1458 263 1496 fectabat
300 1457 584 1510 (Qincftilianus
614 1469 734 1496 tamen

108 1509 154 1546 de
172 1511 388 1548 vetustorum
417 1511 607 1548 verborum
626 1512 733 1548 affec-

109 1561 247 1599 tatione
266 1561 344 1612 agit
365 1575 408 1599 eo
426 1563 524 1606 loco,
551 1575 624 1612 quo
655 1576 733 1600 ver-

109 1612 164 1650 sus
181 1614 244 1651 hos
259 1619 546 1651 commemorat:
577 1622 615 1651 ut
642 1615 733 1653 adeo

109 1664 229 1702 omnis
245 1666 363 1703 adhuc
382 1666 486 1716 hujus
499 1666 668 1703 carminis
680 1667 734 1703 in·

108 1717 317 1766 terpretatio
334 1731 459 1767 parum
472 1729 548 1754 tuta
567 1718 655 1755 mihi
668 1720 733 1756 esse

111 1768 305 1815 videatur).
361 1769 467 1806 Dicit
479 1769 592 1820 igitur
610 1775 733 1820 poeta,

109 1819 164 1857 his
183 1819 262 1870 ipfis
280 1820 335 1857 vel
360 1821 510 1858 barbare
527 1823 736 1872 pronuntia-

109 1872 156 1908 tis
184 1873 239 1909 rel
254 1872 407 1910 exoticis
424 1884 459 1909 et
477 1873 636 1910 barbaris
658 1887 734 1911 ver-

110 1924 164 1960 bis
180 1937 278 1967 eum,
307 1937 372 1973 pro
406 1938 557 1970 veneno,
585 1926 733 1963 fratrem

108 1976 252 2013 necasse.

107 2027 194 2063 <ium
216 2027 250 2063 in
273 2029 394 2065 multis
409 2029 560 2071 incerta,
579 2028 729 2067 videndi

109 2078 188 2115 sunt
209 2079 320 2116 iidem
343 2080 410 2116 viri
438 2080 549 2118 doffl.
605 2081 658 2118 Ut
677 2092 728 2118 ta-

108 2143 189 2167 men
224 2131 363 2180 aliquid
392 2144 585 2181 apponam,
630 2134 731 2184 quod

108 2182 275 2220 lectorem
295 2182 333 2219 in
362 2183 533 2221 sententia
551 2184 730 2234 assequen-

107 2235 153 2271 da
182 2234 308 2283 juvare
325 2234 441 2285 poffit,
471 2235 547 2273 haec
583 2238 729 2274 addam.

109 2287 288 2324 Corinthia
318 2286 428 2324 verba
464 2290 566 2335 (narn
584 2288 659 2326 haec
677 2300 731 2325 te-

108 2338 225 2375 nenda
255 2345 337 2375 cum'
372 2339 574 2376 Burmanno
602 2341 731 2384 statuo,

107 2391 223 2427 donec
243 2404 366 2427 verum
386 2401 563 2440 repertum
593 2391 702 2428 fuerit
720 2406 729 2429 ;

108 2453 199 2479 natae
252 2443 332 2478 sunt
374 2442 468 2479 forte
523 2445 735 2494 corruptelae

108 2507 151 2530 ex
173 2493 302 2530 vitiosa
335 2493 510 2544 scriptura
539 2495 732 2545 Cory-athia-

109 2549 218 2592 rum)‚
248 2545 327 2581 sunt
346 2547 484 2589 mollia,
513 2546 638 2591 fracta,
669 2562 729 2584 ca-

106 2597 325 2634 lamistrata:
355 2611 374 2632 a
407 2598 492 2634 luxu
512 2598 729 2635 Corinthio-

109 2662 199 2686 rum.
255 2648 345 2685 Inest
380 2661 499 2687 autem
529 2649 630 2687 simul
660 2651 731 2688 iro-

108 2702 176 2736 niae
191 2713 301 2751 genus
339 2701 467 2739 verbis.
525 2701 730 2751 Thucjdin‘es

309 1978 367 2013 De
399 1976 566 2021 lectione,
605 1978 730 2014 admo-
758 2005 762 2008 .

801 690 963 732 gyram'zus
981 680 1231 733 Atlicaeftbrz's
1250 678 1347 722 effet,
1363 678 1428 729 qui

799 734 1008 771 dominatur
1026 734 1064 770 in
1084 734 1220 783 frigore
1240 733 1305 769 illo
1328 731 1429 768 Atti-

797 786 904 823 cismi
915 785 1082 823 affefiati.
1118 784 1189 821 Sed
1208 785 1337 821 melior
1356 785 1431 821 lec-

800 837 878 874 tio:
958 838 1165 887 Thucydides
1225 838 1429 874 Britannus.

800 888 900 927 Tum
915 902 980 939 pro
986 891 1100 940 febris
1114 891 1254 933 Atticae,
1283 893 1327 924 τῖς
1342 890 1429 925 Ἀτ-

799 946 956 987 τικισμέ,
984 941 1120 991 praestat
1149 941 1355 989 eonjeftura
1373 939 1430 977 vi-

799 1006 919 1031 rorum
941 993 1127 1031 do&orum
1145 1006 1154 1030 ε
1184 995 1294 1030 Attice
1295 995 1334 1041 fi
1343 991 1429 1032 bris.

799 1045 838 1083 h.
876 1047 1036 1084 Ἀττική·
1082 1044 1222 1082 Attica.
1293 1043 1428 1082 Versus

799 1106 948 1147 quartus
965 1097 1073 1134 debet
1091 1096 1240 1134 nomina
1254 1095 1428 1133 exhibere

798 1149 855 1185 vel
869 1149 1020 1186 barbara
1033 1150 1090 1186 vel
1104 1149 1263 1186 affefiate
1275 1159 1335 1185 aut
1345 1148 1428 1184 bar-

798 1199 882 1237 bare
904 1200 1105 1240 enuntiata.
1159 1200 1427 1249 Ampleftenda

797 1251 921 1302 itaque
953 1253 1122 1290 haetenus
1151 1262 1213 1289 aut
1246 1251 1427 1302 Scaligeri

797 1304 902 1341 lec‘tio
918 1318 926 1341 ε
957 1304 1036 1343 ζΓαιι
1076 1304 1260 1347 Gallicum,
1290 1310 1357 1341 min
1376 1311 1427 1354 ip-

784 1359 865 1404 fian
881 1367 914 1392 et
942 1356 994 1400 al,
1021 1362 1054 1392 ei
1074 1357 1191 1406 illgfit:
1238 1356 1275 1392 in
1294 1356 1426 1393 eodem

798 1407 973 1444 mortario
991 1420 1126 1445 venena
1140 1406 1203 1444 illa
1217 1407 1298 1444 satis
1311 1412 1424 1446 nota?

798 1459 981 1496 taurinum
1012 1460 1240 1509 sanguinem,
1269 1459 1424 1496 minium

794 1520 830 1546 et
849 1512 990 1556 allium,
1016 1511 1132 1556 trivit,
1160 1522 1199 1548 ut
1219 1511 1320 1548 fratri
1340 1511 1425 1547 mis·

798 1573 919 1608 ceret3
950 1563 1103 1600 ridicule
1123 1563 1238 1614 igitur
1254 1564 1426 1600 decurta-

798 1613 860 1650 bat
896 1614 972 1657 ille,
1017 1615 1158 1665 quotie>>
1179 1615 1424 1659 declamabat,

797 1665 920 1711 verba,
947 1678 1029 1704 taur
1045 1679 1109 1717 pro
1128 1677 1246 1709 tauro,
1272 1674 1340 1704 min
1355 1681 1424 1717 pro

796 1717 926 1762 minio,
955 1718 996 1756 al
1010 1733 1076 1770 pro
1094 1719 1202 1763 allio;
1231 1730 1291 1756 aut
1313 1718 1424 1757 Periti

795 1771 1018 1814 emendatio,
1048 1771 1111 1820 qui
1142 1771 1275 1808 Graeca
1294 1771 1422 1808 substi-

795 1822 864 1859 tuit
882 1835 890 1858 ε
935 1824 1012 1861 ‘Tau
1030 1822 1194 1860 Gallicum
1219 1824 1271 1870 (h.
1291 1823 1423 1860 Gallo<-

798 1886 876 1909 rum
910 1873 972 1910 ille
1002 1875 1196 1925 peffimus),
1233 1876 1303 1921 μὶν,
1343 1877 1421 1921 ι’-ζμόι

795 1927 896 1962 ειὲέὶί
911 1933 944 1962 ei
956 1933 1117 1963 intrivit:
1148 1927 1187 1963 fit
1200 1927 1274 1964 hzec
1293 1941 1311 1963 e
1327 1929 1421 1978 glos-

796 1977 838 2013 fis
851 1977 1011 2014 obscuris
1026 1978 1135 2028 petita
1150 1978 1214 2015 sint
1230 1979 1422 2024 vocabula,

796 2042 875 2078 quae
890 2028 950 2066 ille
969 2044 1032 2080 pro
1052 2030 1195 2067 stellulis
1215 2032 1283 2068 suis
1300 2034 1420 2069 decla-

797 2081 1018 2118 mationibus
1032 2095 1147 2132 graece
1165 2083 1298 2120 habitis
1330 2085 1420 2123 inse-

797 2144 872 2168 rere
890 2133 1034 2170 solebat.
1065 2132 1124 2171 Est
1141 2146 1259 2171 autem
1279 2135 1359 2179 1455
1375 2150 1423 2176 ex

797 2185 1024 2222 Thuriorum
1053 2186 1178 2236 glossa,
1205 2190 1331 2231 κισσὸς,
1360 2189 1423 2226 he-

797 2236 898 2278 dera,
924 2238 972 2274 ὁὶλ
991 2250 1055 2287 pro
1083 2238 1159 2279 ὣλς,
1190 2240 1337 2287 Cypriis
1354 2254 1422 2290 pro

796 2287 883 2325 vino
902 2287 1021 2326 dieta:
1060 2290 1114 2334 μίν
1133 2303 1198 2341 pro
1217 2286 1314 2328 :aba-{u
1335 2294 1423 2341 <hoc

796 2340 958 2377 omnium
980 2341 1130 2379 minime
1145 2345 1422 2393 probabiliter),

798 2402 837 2428 ut
856 2391 946 2429 adeo
966 2392 1052 2429 vino
1070 2394 1196 2431 hedera
1217 2396 1321 2444 nigra
1340 2396 1423 2435 rnis-

798 2447 837 2479 to
870 2443 1090 2483 inebriatum
1129 2445 1304 2484 sustulerit
1350 2450 1423 2485 fra-

798 2505 887 2531 trem
908 2495 1075 2534 Cimber.
1130 2498 1217 2543 Sed,
1247 2512 1284 2535 ur
1300 2501 1422 2549 paullo

798 2557 881 2584 ante
897 2547 1074 2593 diximus,
1102 2549 1286 2600 antiquata
1316 2553 1422 2589 verba

795 2599 903 2636 latere
960 2599 1189 2646 arbitramur,
1243 2603 1423 2651 ejusmodi

795 2651 905 2693 forte,
934 2664 1013 2700 qux
1048 2654 1194 2702 propius
1220 2656 1264 2691 ad
1297 2655 1422 2693 sonum

798 2702 1081 2740 medicaminum
1100 2706 1331 2743 accedebant.

1352 2872 1426 2917 111.
