1835 3396
620 227 938 276 c1R1S.
1355 240 1443 288 ης

123 369 257 432 Saepe
273 366 393 428 lapis
421 373 634 426 recrepat
660 360 876 423 Cyllenia
901 373 1098 406 munera
1119 355 1296 420 pulsus,

124 459 190 506 Et
209 469 418 502 veterem
442 453 595 500 sonitu
624 450 801 497 Phoebi
826 449 1017 496 testatur
1038 447 1287 494 honorem.

124 549 268 595 Hanc
292 545 477 600 urbem,
511 552 616 587 ante
639 539 754 585 alios
779 538 861 600 qui
884 549 989 584 tum
1006 536 1204 583 florebat
1222 535 1447 594 inarmis,

125 634 319 684 Fecerat
342 631 558 678 infestam
580 627 838 691 populator
860 625 1041 688 remige
1066 625 1260 673 Minos:
1353 641 1373 672 1
1389 640 1441 675 11

125 722 357 786 Hospitio
379 720 507 783 quod
531 719 577 766 se
593 717 698 765 Nisi
722 717 944 778 Polyidos
969 717 1118 774 avito,

127 811 442 877 Carpathium
466 809 651 873 fugiens
677 819 722 854 et
745 807 945 853 flumina
970 805 1199 864 Caeratea,

126 971 225 1003 currit
252 981 379 1012 quoque
408 971 538 999 imitatur
564 965 596 995 in
629 964 679 996 ed.
694 964 782 1006 Junt.
804 972 902 1003 1533,
923 962 1028 1006 sicque
1058 965 1196 997 LoEnfis
1222 966 1450 998 emendaverat

126 1022 292 1065 Epiphyll.
307 1022 396 1058 Vlll,
413 1030 466 1060 25,
490 1026 557 1054 aut,
579 1016 665 1058 quod
685 1016 786 1057 magis
798 1015 912 1057 placet.
938 1018 1069 1047 imitatus.
1119 1018 1170 1048 Sic
1202 1019 1314 1050 Heius.
1340 1027 1370 1049 et
1400 1019 1452 1049 vir

127 1074 242 1106 doetus
259 1075 306 1116 (J.
323 1073 459 1115 Jortin.)
480 1069 611 1102 Miscell.
632 1067 719 1099 Obss.
740 1067 815 1099 Vol.
835 1068 894 1104 IV,
908 1078 939 1108 p.
959 1075 1022 1109 319
1040 1077 1265 1105 correxerant;
1290 1078 1321 1100 et
1334 1068 1451 1111 ficjam

124 1126 245 1168 legitur
263 1125 339 1155 Ald.
360 1134 453 1163 1534·
547 1130 617 1161 109.
647 1122 685 1151 Ut
701 1119 888 1161 v.—tfstetur
905 1121 997 1161 Junt.
1015 1126 1047 1150 et
1060 1119 1189 1151 Ascens.
1232 1133 1351 1151 amorem
1368 1121 1453 1161 conj-

127 1176 258 1213 Nodell.
300 1175 388 1208 Obff.
423 1175 496 1206 crit.
530 1184 562 1214 p.
594 1181 645 1213 39.
740 1179 815 1202 112.
850 1178 922 1209 113.
962 1170 1066 1201 Vetus
1095 1170 1204 1210 lectio,
1239 1173 1338 1203 etiam
1366 1171 1454 1205 mfi‘„

130 1229 310 1271 Hospitioque
339 1230 417 1270 finis
457 1225 525 1266 (vel
555 1226 690 1266 fing'silue,
727 1221 819 1253 Bafil.
848 1224 946 1264 finio)
972 1223 1125 1265 hypolidtsa
1155 1226 1249 1262 ὐἱῆας
1287 1231 1321 1255 at
1358 1225 1453 1266 Junt.

125 1290 201 1311 cum
225 1280 293 1311 aliis
316 1278 522 1321 interpolate:
562 1277 739 1317 IIvspitioque
752 1277 892 1316 senifm't
922 1276 1161 1317 Ht'ppoffldqsaque
1188 1278 1274 1308 vicio.
1335 1276 1454 1306 Errant

124 1329 195 1362 fere
225 1331 311 1362 inter
332 1331 390 1362 has
416 1337 539 1360 caeterae
565 1328 634 1359 edd.
682 1328 728 1357 At
747 1325 891 1356 Aldina-e:
931 1326 1185 1368 Hspitioquesenis
1201 1328 1336 1369 hffiolidos
1350 1329 1454 1359 avito.-

126 1381 161 1413 in
193 1382 309 1424 quibus
339 1383 467 1423 Hcspitio
497 1391 547 1421 quo
567 1380 602 1419 ft
630 1378 704 1419 Ngfi
732 1378 858 1418 Pol—>vidos
885 1379 963 1407 avito
992 1376 1085 1408 facile
1108 1378 1300 1419 agnoscitur.
1357 1377 1456 1409 Scali-

130 1443 189 1475 ger
213 1433 290 1465 hinc
321 1433 417 1464 aliam
440 1431 613 1463 ΙΕθίΞΟῺθΠι
638 1430 785 1461 extudit:
835 1428 956 1472 Hospitio
978 1442 1032 1471 qua
1048 1431 1083 1471 st'
1106 1430 1195 1474 Nistzs
1222 1431 1350 1473 Pelopeus
1375 1432 1456 1461 avito

133 1486 318 1528 Carpathium
336 1487 453 1527 fugiens
483 1491 508 1514 ct
519 1484 642 1526 flumina
673 1483 787 1512 Curetea
821 1480 971 1513 ‘Tm-crat.-
1018 1481 1112 1523 ponit
1142 1481 1207 1519 ille,
1249 1482 1337 1524 quod
1365 1480 1455 1513 nulla

128 1536 245 1569 fabulae
271 1538 444 1569 auotoritas
474 1536 601 1579 probat,
634 1534 750 1565 Nisum
779 1533 866 1564 ultro
893 1533 1015 1565 bellum
1042 1534 1181 1565 intulisse
1198 1535 1322 1573 Minoi,
1350 1535 1455 1566 hunc-

128 1599 193 1631 que
223 1588 376 1631 ’mjuriam
401 1596 564 1630 acceptam
592 1586 736 1617 ulturum
767 1584 897 1616 venisse.
941 1585 1030 1622 Alia,
1053 1585 1107 1616 sed
1136 1597 1251 1628 parum
1276 1586 1455 1628 probanda,

132 1642 316 1674 emendatio
330 1642 504 1673 secundum
518 1639 650 1682 vestigia
678 1646 743 1670 vet.
761 1638 839 1669 editi
855 1637 929 1668 libri
944 1638 1029 1669 faeta
1046 1639 1150 1669 Paulli
1170 1639 1332 1682 Leopardi
1347 1651 1366 1670 a
1386 1641 1455 1671 Lo-

134 1695 202 1728 iinfi
217 1695 346 1738 prodita
363 1695 405 1726 est
418 1693 581 1737 Epiphyll.
608 1694 696 1730 vm,
718 1702 735 1724 2
739 1702 756 1731 5
776 1692 901 1722 inverso
917 1692 1030 1723 ordine
1047 1692 1194 1723 versuum
1207 1695 1364 1724 :—.ZVIinos
1380 1694 1456 1724 Car-

121 1748 255 1790 pathium
268 1749 389 1789 linquens
400 1747 551 1788 etflumimz
570 1746 610 1775 N
609 1746 701 1786 ist’ina.
749 1744 878 1787 Hospitio
890 1756 986 1773 canum
996 1756 1111 1785 namque
1125 1745 1191 1774 urbs
1205 1746 1334 1786 Lelegeia
1350 1746 1457 1785 IVifiam

130 1797 255 1830 Texemt
269 1805 328 1829 etc.
375 1797 502 1834 Leotio,
526 1806 623 1838 quam
636 1805 719 1825 nunc
736 1794 903 1836 vulgatam
914 1793 1080 1831 habemus,
1102 1805 1119 1824 a
1150 1805 1214 1835 quo
1246 1795 1389 1835 primum
1415 1795 1450 1826 in

127 1856 254 1881 textum
268 1848 357 1880 illata
367 1848 417 1886 fit,
439 1848 554 1890 ignoro
568 1857 576 1877 :
609 1846 734 1888 prolata
758 1845 802 1876 est
818 1846 961 1887 primum
984 1857 1000 1876 a
1019 1847 1202 1876 Contareno
1217 1847 1295 1877 Var.
1310 1846 1404 1877 Ledi.
1421 1846 1455 1886 8,

128 1902 262 1946 propior
276 1901 331 1933 illa
342 1901 464 1932 caeteris
479 1902 520 1932 ad
531 1901 713 1932 litterarum
738 1898 873 1929 <luditum
886 1898 959 1939 (nisi
976 1899 1062 1940 quod
1078 1909 1137 1939 pro
1158 1911 1209 1939 quo
1224 1899 1335 1930 malim
1350 1902 1453 1941 quod),

127 1966 187 1987 nee
202 1953 338 1986 afabula
353 1954 540 1992 abhorrens,
561 1964 623 1995 qua
640 1952 794 1994 Polyidus
809 1960 909 1990 vates,
933 1952 1055 1983 Glauco
1073 1951 1193 1982 Minois
1208 1950 1275 1982 filio
1292 1952 1325 1982 in
1348 1953 1451 1983 vitam

131 2006 277 2043 redut'ito,
299 2007 397 2037 Creta
419 2005 546 2047 aufugit
573 2003 744 2046 (Apollod.
763 2005 820 2042 111,
847 2005 892 2046 3),
914 2004 1057 2045 adeoque
1077 2003 1216 2043 Nlegara
1231 2003 1386 2045 proficisci
1402 2004 1454 2035 in-

131 2058 234 2099 deque
248 2057 334 2089 bello
360 2067 378 2087 a
405 2057 518 2088 Minoe
548 2056 649 2098 repeti
671 2055 788 2097 potuit.
834 2055 974 2096 Legitur
991 2065 1118 2096 quoque
1137 2054 1288 2096 Polyidus
1311 2056 1453 2098 Megara

130 2108 260 2146 veniffe,
284 2117 321 2140 ut
336 2108 532 2140 Alcathoum
547 2109 586 2139 de
599 2108 684 2138 caede
703 2107 879 2149 Callipcdis
890 2107 947 2137 filii
963 2106 1109 2138 lustraret
1123 2117 1131 2137 :
1169 2116 1339 2139 narrantur
1354 2119 1452 2151 porro

127 2160 197 2205 ejus
212 2159 287 2192 filiae
305 2159 452 2202 Megaris
465 2158 595 2202 sepulta:
614 2157 746 2189 Pausan.
763 2159 789 2197 Ι,
813 2167 868 2197 42,
893 2169 927 2201 p.
959 2167 1033 2197 104.
1078 2158 1177 2201 Qod
1205 2162 1315 2190 avitum
1343 2160 1454 2202 hospi-

1364 2219 1449 2243 tium

129 2355 228 2387 nere,
272 2340 434 2384 invento,
472 2339 674 2391 Apollinis,
702 2339 755 2377 ci-
821 2340 975 2377 Mitsch.
1008 2339 1125 2377 Lestt.
1152 2353 1187 2390 p.
1212 2353 1283 2378 110
1300 2339 1450 2377 floribus

130 2396 246 2437 thara,
274 2394 378 2442 cujus
408 2393 531 2430 sonum
551 2392 671 2429 saxutn
704 2405 757 2428 re-

129 2446 214 2490 fert,
241 2445 402 2494 adeoque
435 2445 646 2482 memoriam
671 2444 758 2493 lyrae

129 2498 164 2535 ei
181 2496 354 2547 impositae
373 2497 498 2534 servat.

188 2562 271 2586 110.
287 2548 436 2596 florebat
454 2548 640 2584 absolute:
672 2560 756 2584 cum

130 2600 219 2638 alias
237 2599 349 2650 adjici
379 2599 504 2644 soleat,
532 2600 652 2643 laude,
681 2599 755 2636 vir-

130 2662 218 2690 tute.
292 2651 353 2688 Sic
403 2651 539 2688 Catull.
582 2654 757 2699 florentem

129 2703 288 2742 Iacchum
317 2702 480 2740 absolute
503 2703 660 2746 dixerat,
689 2701 756 2738 sci-

130 2754 196 2792 lic.
233 2754 347 2799 annis,
384 2754 531 2798 LXIII,
577 2768 670 2805 251,
708 2754 758 2790 ob

131 2806 383 2858 sempiternam
418 2807 673 2858 juventutem:
721 2816 757 2842 at

821 2403 1002 2429 ornatum.
1035 2399 1180 2442 remige:
1208 2391 1336 2430 doCle:
1365 2405 1449 2430 nam

821 2457 905 2481 cum
939 2442 1042 2480 claffe
1076 2444 1269 2481 advenerat
1304 2444 1448 2487 Minos,

821 2497 922 2545 cujus
957 2496 1265 2545 ἓαλασσοκξκτιάν
1298 2496 1450 2534 illustra-

821 2547 938 2584 vimus
956 2548 995 2585 in
1011 2548 1260 2586 Commentar.
1280 2548 1364 2587 Soc.
1398 2547 1450 2587 R.

822 2599 996 2650 Gotting.
1034 2599 1085 2636 T.
1120 2599 1154 2642 I,
1183 2600 1225 2637 P.
1255 2599 1309 2642 ΙΙ,
1343 2614 1378 2649 p.
1400 2614 1444 2650 71

821 2650 897 2699 sqq.
957 2664 1044 2689 112.
1072 2651 1199 2688 Cauffa
1212 2651 1298 2688 belli
1314 2651 1410 2689 Niso
1428 2666 1450 2690 a

825 2701 960 2739 Minoe
980 2701 1074 2739 illati
1091 2715 1322 2747 memoratur,
1350 2704 1450 2753 quod

826 2752 1015 2802 Polyidus,
1043 2754 1107 2803 qui
1126 2755 1234 2792 Creta
1245 2754 1449 2805 aufugerat,

824 2818 844 2842 a
860 2805 992 2848 Minoe
1011 2806 1120 2844 armis
1139 2806 1377 2859 repetebatur.

1310 2856 1452 2910 116sq,
