1835 3396
416 235 478 281 92
804 215 1364 266 PROOEMIUM

414 350 572 414 aliqua
611 364 756 412 eaque
793 347 962 394 idonea
997 350 1250 397 auotoritas
1274 350 1414 399 allata
1438 352 1486 398 in
1511 351 1733 402 medium'

414 450 506 480 non
548 433 627 479 est.
701 431 844 487 Nam,
880 432 1006 492 quod
1043 448 1099 478 ex
1138 433 1310 480 Seneca
1333 435 1478 498 vulgo
1516 437 1729 483 laudatur

410 517 504 580 Ep.
547 533 605 579 92
642 526 690 562 ut
723 517 785 561 aii
813 513 1019 574 Virgilius
1041 515 1172 574 noster
1190 517 1234 559 in
1258 517 1410 577 Scylla,
1456 533 1552 564 non
1591 518 1729 564 vide-

412 613 521 648 runt
544 601 632 647 viri
657 599 782 646 doeti
811 597 870 643 ad
898 602 1009 645 AEn.
1037 598 1128 654 III,
1153 600 1245 657 426
1271 599 1337 661 sq.
1364 601 1581 662 spe&are,
1613 614 1658 647 et
1682 604 1729 647 in

411 684 566 744 Scylla,
599 681 688 728 effe
703 681 751 726 in
775 681 881 726 loco
901 680 959 726 de
986 680 1165 741 Scylla;
1204 693 1286 727 aut
1303 683 1460 744 potius
1477 681 1725 746 jungenda

408 765 514 812 sunt
549 749 593 811 iit
637 766 777 827 Scylla
814 766 967 811 Prima
1003 765 1045 810 h.
1069 766 1118 825 f.
1191 766 1360 830 Qid?
1413 768 1539 830 quod
1577 784 1662 814 nec
1697 785 1725 814 a

410 848 785 904 Pseudodonato,
806 847 886 909 qui
905 846 1082 909 reliqua
1098 848 1309 893 carmina
1330 848 1536 911 Virgilio
1547 849 1725 897 tributa

409 931 631 987 recenset,
670 946 775 986 nee,
819 941 1054 991 quantum
1090 930 1308 987 memini,
1352 930 1412 976 ab
1440 931 1534 977 alio
1569 944 1724 978 vetere

408 1013 752 1069 Grammatico,
779 1014 827 1060 in
852 1013 994 1060 fimili
1019 1014 1249 1070 instituto,
1289 1014 1413 1060 Ciris
1445 1016 1626 1062 mentio
1648 1017 1720 1062 fit,

408 1098 596 1144 IndoCti
635 1098 763 1143 enirn
807 1097 1049 1152 monachi,
1097 1097 1330 1144 Servianis
1369 1097 1418 1144 in
1464 1098 1721 1145 AEneidem

407 1181 761 1228 commentariis
797 1180 845 1226 in
874 1180 1025 1226 fronte
1063 1179 1267 1237 adsutus,
1305 1197 1504 1245 pannus,
1540 1182 1587 1227 in
1624 1198 1722 1243 quo

405 1263 522 1309 adeo
542 1263 705 1308 Cirina
733 1261 992 1318 scribitur*,
1026 1263 1280 1309 memorari
1303 1263 1522 1310 adversus
1542 1279 1617 1310 me
1641 1265 1722 1329 vix

405 1346 571 1408 potest.
645 1345 788 1410 Qod
813 1358 970 1391 autem
1005 1345 1234 1408 po'e'matii
1260 1346 1578 1408 praestantiam
1601 1345 1721 1392 adeo

406 1431 562 1477 verbis
587 1442 770 1487 ornant,
803 1443 853 1477 ut
879 1431 1092 1493 Scaliger
1115 1432 1164 1478 id
1188 1431 1306 1477 nulli
1330 1431 1611 1477 Latinorum
1632 1447 1719 1477 ne-

405 1531 497 1577 que
520 1514 686 1569 nitore,
712 1529 863 1574 neque
887 1512 1119 1577 elegantia
1142 1511 1309 1558 cedere
1332 1512 1474 1569 dicat,
1499 1512 1717 1560 Barthius

403 1616 515 1646 vero
546 1595 966 1644 luculentissimum
1003 1596 1125 1643 inter
1164 1596 1326 1642 omnia
1364 1597 1559 1659 antiqua
1594 1596 1718 1659 poe'-

402 1684 549 1730 matia
571 1682 797 1745 appellet,
832 1681 879 1726 in
911 1697 967 1726 eo
1001 1680 1207 1726 studium
1230 1681 1440 1727 virorum
1468 1680 1730 1726 dodtorunr

403 1766 557 1821 video,
590 1763 764 1827 judicii
803 1761 1116 1808 subtilitatem
1152 1761 1379 1808 desidero.
1450 1761 1562 1808 Non
1587 1763 1717 1809 enim

399 1849 508 1895 satis
545 1844 946 1893 circumscribunt
978 1844 1372 1907 praedicationem
1415 1843 1561 1900 suam,
1604 1843 1718 1891 ade-

400 1947 541 1994 oque,
564 1930 680 1977 dum
699 1928 819 1975 ultra
836 1928 1058 1974 terminos
1084 1937 1355 1990 evagantur,
1376 1941 1432 1971 ne
1450 1924 1499 1971 id
1517 1925 1715 1987 quidem

400 2014 636 2070 obtinent,
681 2011 810 2074 quod
835 2011 882 2056 in
909 2010 1068 2056 medio
1098 2008 1305 2071 positum
1341 2018 1452 2063 erat,
1492 2006 1716 2070 quodque

399 2096 525 2142 reste
567 2094 611 2141 se
658 2094 877 2140 habebat.
956 2092 1102 2156 Qod
1138 2093 1187 2138 in
1231 2090 1442 2137 carmine
1479 2090 1570 2136 hoc
1609 2102 1715 2135 tan-

399 2188 562 2239 topere
600 2173 819 2220 admirati
861 2173 966 2220 sunt
1008 2172 1095 2219 viri
1134 2170 1278 2227 doen,
1327 2170 1361 2217 fi
1398 2170 1595 2232 propius
1638 2170 1716 2217 in-

399 2256 587 2312 tuearis,
629 2255 746 2301 nihil
785 2255 914 2301 aliud
942 2254 1046 2310 fuit,
1084 2270 1228 2316 quam
1265 2252 1488 2298 orationis
1525 2252 1574 2297 in
1608 2253 1714 2315 ple..

397 2339 551 2401 risque
601 2338 718 2384 locis
767 2338 974 2400 dignitas
1018 2337 1220 2392 summa,
1267 2345 1457 2380 ornatus
1509 2333 1714 2395 praecla-

398 2440 489 2479 rus,
541 2422 759 2485 splendor
812 2438 1028 2484 quoque3
1086 2433 1189 2466 tum
1245 2434 1552 2465 numerorum
1596 2433 1722 2464 con-·.

399 2506 616 2555 cinnitas.
687 2505 813 2552 Haec
850 2505 972 2563 sunt,
1012 2520 1120 2568 quae
1156 2503 1268 2550 viris
1320 2502 1471 2549 dostis
1513 2501 1631 2549 adeo
1666 2503 1713 2550 se

1597 2603 1712 2649 pro-

447 2696 467 2717 ⁸¹*
524 2693 580 2731 Ita
610 2693 720 2731 etiam
755 2692 793 2730 in
829 2692 891 2731 ms.
931 2691 1131 2731 Helmstad.
1183 2698 1371 2728 exaratum
1408 2699 1485 2728 erat
1515 2689 1711 2735 Decircina,

397 2760 485 2792 non,
515 2745 621 2785 Cisis.
