1835 3396
415 185 1104 240 CATALECTA.

1324 199 1411 234 201

172 327 221 375 Si
243 323 398 389 patrio
418 320 588 369 Graios
607 318 816 366 carmine
837 317 964 363 adire
983 316 1096 363 sales

106 414 348 464 Poffumus
368 430 378 458 ε
416 409 592 473 optatis
614 408 721 471 plus
739 407 841 471 jam
864 404 1169 468 procedimus
1193 404 1318 468 ipfis.

169 502 285 550 Hoc
308 500 417 548 satis
442 499 522 555 est,
550 497 719 560 pingui
743 496 810 542 nil
836 494 958 540 mihi
980 509 1094 541 cum
1117 493 1313 556 popuIO.

698 644 816 694 XII.

106 754 163 786 IN
200 752 473 785 POMPEIUM
519 750 749 781 MAGNUM
798 749 889 781 VEL
927 749 983 779 IN
1020 748 1415 784 Mz'rHRIDATEM.

104 841 327 906 Adspice,
349 859 493 906 quem
518 842 674 888 valido
698 840 955 887 subnixum
983 839 1136 904 gloria
1160 856 1307 904 regno

169 934 329 981 Altius
352 946 398 981 et
422 933 534 980 coeli
562 932 748 979 sedibus
773 934 1016 990 extulerat,

105 1025 362 1073 Terrarum
397 1025 475 1071 hic
500 1024 628 1070 bello
653 1040 884 1088 magnum
908 1025 1195 1074 concusserat
1216 1026 1382 1075 orbem
1401 1054 1416 1085 ;

100 1169 188 1209 ger:
233 1159 274 1195 Si
304 1157 435 1196 laudem
468 1158 585 1208 Ascra>
621 1157 728 1195 humi-

102 1210 159 1254 lis,
169 1212 211 1260 si
231 1211 380 1249 Doridas
406 1210 573 1254 hervinus,
593 1209 628 1247 h.
651 1209 727 1246 He-

102 1260 242 1298 fiOdum
253 1272 288 1299 et
305 1264 462 1308 μεγάλας
478 1263 581 1301 ἦοίκς.
635 1263 729 1298 adire

102 1326 169 1363 pro
183 1313 372 1364 attingere.
427 1313 469 1350 In
489 1313 552 1350 ms.
573 1312 727 1350 Helmst.

104 1365 312 1415 legebatur.
361 1366 402 1402 Si
433 1365 564 1402 laudem
598 1367 726 1414 aspira-

105 1431 186 1462 rem,
203 1416 334 1455 humilis
349 1417 416 1467 sed
430 1418 547 1454 audire
565 1431 710 1467 cyrenas.

156 1571 340 1610 Disertum
375 1583 534 1615 carmen,
568 1579 729 1620 apertum

103 1624 336 1674 planumque,
381 1622 564 1661 sententiis
596 1621 729 1659 verbis-

103 1689 174 1725 que
205 1675 387 1727 gravibus.
452 1674 608 1711 Anthol.
644 1673 728 1712 Lat.

102 1726 157 1771 ΙΙ,
182 1741 267 1776 123,
294 1740 328 1776 p.
346 1740 432 1776 301.
462 1726 548 1770 Sed,
566 1726 604 1762 in
621 1739 728 1776 quern

102 1777 275 1829 scriptum
303 1778 394 1816 illud
413 1779 470 1823 fit,
498 1777 637 1828 liquido
655 1790 727 1814 non

101 1831 250 1869 constat.
303 1829 342 1867 Si
368 1844 408 1869 ea
445 1829 611 1880 colligaS,
648 1842 728 1879 quae

101 1882 148 1919 de
167 1895 300 1933 magno
310 1882 379 1919 hoc
400 1881 493 1926 viro,
512 1881 557 1918 de
572 1881 727 1918 fortunae

102 1933 246 1971 fastidio
273 1934 427 1983 dejecto,
458 1943 723 1970 memorantur:

101 1998 206 2022 nemo
226 1986 265 2022 in
284 1986 429 2023 historia
460 1983 636 2028 occurrit,
665 1984 725 2021 cui

101 2037 185 2074 satis
203 2050 245 2074 ea
274 2037 504 2075 conveniant.
558 2037 728 2085 Pompeius

102 2089 255 2140 Magnus
284 2089 401 2126 statim
427 2087 567 2125 lectoris
603 2087 726 2124 animo

101 2139 286 2178 occurrit:
320 2141 358 2177 in
394 2153 467 2190 quo
492 2139 646 2176 fortunae
675 2140 727 2176 vi-

101 2191 265 2229 ciflitudo
281 2202 317 2228 et
351 2191 588 2228 inconstantia
616 2190 725 2228 etiam

101 2256 123 2280 a
165 2244 283 2294 poe‘tis
319 2242 439 2280 notari
482 2242 585 2287 solet,
620 2256 655 2278 v.
691 2255 725 2280 c.

103 2294 246 2333 Petron.
289 2309 374 2344 123,
410 2305 446 2331 et
492 2294 616 2331 multis
649 2293 725 2344 epi-

100 2347 361 2397 grammatibus
386 2347 424 2383 in
458 2346 611 2383 Anthol.
642 2345 724 2383 Lat.

100 2398 166 2435 lib.
196 2398 250 2442 Π,
279 2413 323 2449 ²5
355 2399 449 2448 sqq„
481 2398 538 2434 sed
571 2397 607 2433 in
643 2411 725 2434 eum

102 2462 228 2499 parum
257 2450 402 2500 proprie
430 2449 505 2486 dici
537 2450 645 2498 potest
672 2449 725 2505 'il-

102 2502 180 2545 lud,
207 2502 303 2551 quod
321 2517 338 2539 e
356 2508 473 2550 patria
485 2500 599 2550 puffizs
617 2504 652 2537 in
665 2516 723 2537 cx-

101 2552 195 2590 ilium
221 2553 281 2590 est.
353 2552 558 2589 Dicendum
594 2551 722 2602 igitur,

103 2603 274 2654 scriptum
291 2604 356 2640 ess'e
383 2617 525 2640 carmen
550 2603 614 2640 illo
634 2615 722 2640 tem-

101 2655 199 2704 poris
225 2655 427 2699 intervallo,
447 2669 519 2705 quo
547 2654 725 2692 Pharsalia

102 2706 245 2758 fugatus
256 2707 459 2758 AEgyptum
468 2707 631 2757 petierat,
644 2718 724 2744 nec-

792 1156 881 1194 dum
913 1156 958 1194 de
982 1159 1057 1208 ejus
1085 1159 1180 1196 caede
1209 1159 1417 1199 constabat:

790 1209 928 1259 alioqui
949 1211 1062 1247 multo
1090 1212 1204 1261 magis
1221 1212 1297 1249 haec
1316 1226 1421 1250 com-

791 1262 1024 1298 memoranda
1057 1261 1233 1302 veniebat.
1305 1264 1419 1317 Qod

791 1312 911 1350 ‘valido
922 1313 1089 1362 subnixus
1102 1330 1217 1366 regno,
1238 1317 1335 1366 quod
1341 1321 1419 1365 βῆ·-

792 1367 920 1402 vitium
951 1366 1067 1402 Romae
1102 1367 1233 1416 parasse
1265 1367 1418 1415 dicitur,

794 1429 867 1453 non
901 1417 1018 1453 minus
1054 1418 1145 1454 male
1179 1431 1236 1455 me
1268 1418 1418 1460 habent.

796 1468 916 1510 Alter,
932 1468 969 1504 in
984 1481 1088 1517 quem
1102 1468 1261 1520 Scaliger
1276 1484 1419 1522 quoque

795 1518 943 1562 incidit,
970 1520 1189 1558 Mithridates
1219 1522 1281 1565 est,
1312 1523 1420 1562 Ponti

794 1584 873 1614 rex,
908 1571 947 1629 in
979 1584 1085 1621 quem
1117 1574 1239 1610 omnia
1273 1577 1418 1626 egregie

793 1633 1030 1667 conveniunt,
1043 1625 1295 1673 praeterillud:
1324 1643 1340 1663 e
1352 1638 1418 1677 pa.

793 1681 886 1718 tria3
931 1675 1085 1712 debebat
1119 1676 1216 1713 enirn
1250 1678 1371 1727 potius
1401 1696 1418 1717 e

794 1741 890 1778 regno
921 1725 1040 1776 pulsus
1072 1726 1110 1763 in
1143 1727 1292 1766 exilium
1325 1730 1416 1769 dici.

794 1776 853 1814 De
887 1777 1106 1815 Mithridate
1138 1777 1417 1830 intelligendum

790 1830 869 1874 effe,
897 1842 1010 1879 nuper
1041 1829 1172 1866 iterum
1208 1833 1420 1882 pronuntia-

791 1881 846 1918 vit
865 1881 1056 1918 Ruhnken.
1086 1881 1134 1919 V.
1155 1882 1201 1918 C.
1217 1883 1262 1920 ad
1284 1883 1417 1924 Vellei.

789 1931 845 1976 Π,
884 1936 943 1978 13,
974 1946 1011 1981 3,
1041 1933 1102 1970 sed
1128 1935 1313 1983 quomodo
1347 1938 1377 1974 is
1400 1952 1416 1976 e

772 1991 903 2033 patria
914 1985 1027 2035 puffits
1042 1990 1076 2021 in
1092 1985 1227 2022 exilium
1243 1987 1318 2024 dici
1338 1990 1418 2038 pos-

789 2035 846 2080 fit,
867 2049 937 2073 non
955 2036 1094 2074 docuit.
1149 2038 1417 2088 Argumentum

791 2087 895 2123 addit
929 2101 949 2125 e
971 2087 1054 2126 Cic.
1082 2100 1148 2138 pro
1179 2088 1335 2127 Murena
1369 2105 1413 2143 15

790 2138 946 2176 sumtum
972 2140 1059 2176 effe:
1090 2140 1184 2176 unde
1209 2141 1318 2179 etiam
1346 2143 1413 2180 fin-

790 2191 958 2239 gulorum
979 2192 1130 2241 petenda
1147 2192 1187 2228 fit
1203 2193 1414 2244 explicatio.

792 2242 882 2278 Sane
914 2242 969 2279 ibi
1001 2242 1157 2279 breviter
1187 2256 1414 2294 exponuntur

792 2306 845 2330 res
875 2292 1105 2331 Mithridatis
1133 2295 1247 2345 regis:
1278 2296 1414 2336 senten-

792 2345 923 2382 tiarum
956 2350 1074 2396 poetae
1107 2347 1253 2397 vestigia
1287 2362 1328 2386 ac
1364 2350 1415 2387 se-

793 2396 889 2432 mina
907 2410 979 2434 non
1010 2397 1130 2434 video.
1185 2400 1248 2436 Ad
1264 2401 1417 2438 Alexan-

790 2450 885 2485 drum
919 2448 977 2486 M.
1024 2449 1146 2486 retulit
1195 2451 1415 2490 Oudendor-

788 2499 882 2550 pius,
920 2510 959 2536 ut
998 2513 1018 2537 e
1053 2499 1247 2540 Burmann.
1283 2504 1414 2542 disco:

787 2551 887 2599 quod
915 2565 1041 2602 parum
1059 2554 1251 2592 commode
1269 2555 1344 2593 fieri
1363 2558 1417 2593 vi-

786 2602 904 2639 detur.

842 2667 877 2702 3.
908 2654 1046 2691 Terrore
1073 2655 1127 2693 hic
1159 2655 1239 2695 belli
1272 2659 1414 2710 elegan*

789 2715 842 2742 ter
882 2705 1047 2745 emendat
1079 2706 1279 2747 Ruhnken.
1316 2712 1341 2750 l.
1379 2724 1414 2749 e.

1369 2763 1422 2803 ἰηι-
