1835 3396
508 277 1041 327 INCIRIN.
1388 309 1451 354 99

132 407 377 457 Domitius
395 408 668 456 Calderinus
683 410 733 455 in
750 409 863 456 edit.
884 410 1001 456 Ven.
1027 415 1143 472 1483
1161 427 1243 474 per
1261 411 1447 473 Baptis-

135 500 233 536 tarn
277 488 336 536 de
376 489 553 545 TortiS‚
613 489 724 536 hinc
775 492 912 552 1489.
962 506 1098 552 1491.
1145 506 1263 554 1492
1304 503 1350 537 et
1384 492 1445 538 al.

131 570 295 618 Paullo
316 571 502 618 doffior
518 583 867 619 commentator
889 571 1098 619 sueceffit
1118 572 1272 633 Julius
1296 572 1444 620 Pom-

127 655 298 718 ponius
333 654 548 711 Sabinus,
585 654 941 700 commentariis
977 672 1016 701 a.
1058 656 1178 715 1485
1215 658 1439 721 vulgatiS‚

127 749 174 785 et
215 750 353 800 1519.
396 753 519 800 1544
557 737 764 800 hincque
800 738 850 783 in
888 738 995 786 edd.
1023 740 1440 805 Henricopetrinis

122 820 366 885 repetitis:
405 832 510 867 tum
533 820 768 883 copiosior
803 835 1155 870 commentator
1193 823 1439 870 Ascenfius

121 918 164 948 a.
194 915 334 963 1500.
366 916 482 964 1505
515 916 561 949 et
594 902 655 950 al.
727 903 945 951 Tandem
977 905 1121 952 etiam
1142 904 1308 952 critica
1334 920 1438 951 ma-

119 1000 206 1033 nus
242 984 441 1043 accessit,
478 1002 624 1049 eaque
665 987 753 1034 viri
789 986 963 1034 summi
988 987 1182 1050 Josephi
1206 986 1436 1049 Scaligeri

115 1067 168 1114 in
190 1068 475 1131 Appendice
496 1070 758 1133 Virgiliana
787 1071 941 1134 Lugd.
970 1085 1087 1133 1573
1111 1095 1122 1125 ;
1159 1071 1333 1117 multas
1355 1070 1435 1115 ille

116 1151 278 1199 attulit
315 1151 667 1200 emendationes
703 1153 971 1215 praeclaraS,
1005 1153 1118 1200 alias
1156 1151 1433 1208 duriffirnas,

116 1237 362 1284 nonnullas
399 1237 589 1298 prorsus
629 1253 722 1283 non
760 1237 987 1285 ferendas.
1060 1237 1306 1285 Leotiones
1333 1235 1430 1298 ejus

111 1333 160 1369 et
199 1321 608 1383 interpretationes
644 1322 824 1384 recepit
861 1338 1027 1368 omnes
1071 1319 1432 1375 Taubmaniius,

112 1406 186 1452 vir
209 1405 391 1462 doftus,
419 1405 520 1468 qui,
550 1406 678 1467 quod
703 1405 953 1469 supi‘ajam
977 1404 1202 1461 diximus,
1228 1419 1285 1449 ex
1310 1403 1430 1449 alio-

108 1506 215 1536 rum
236 1488 426 1553 judicio
448 1500 573 1535 totus
597 1487 967 1549 pendebat‚·suo
990 1504 1131 1551 parce
1154 1488 1225 1534 uti
1248 1487 1427 1542 solitu&

107 1573 233 1620 edita
262 1571 362 1619 Ciri
392 1588 431 1617 a.
462 1573 597 1619 1618.
676 1571 765 1616 vix
781 1571 852 1617 bis
874 1582 1000 1617 terve
1020 1571 1265 1617 Barthium
1287 1585 1424 1615 com-

103 1668 251 1719 parat,
288 1656 370 1718 qui
406 1656 582 1704 interea
626 1656 746 1704 1608
789 1655 922 1702 Cirin
961 1654 1309 1702 commentario
1348 1653 1423 1699 in-

103 1740 346 1797 struxerat,
383 1740 518 1786 valde
542 1752 645 1786 tum
670 1740 950 1797 adolescenS,
990 1752 1036 1786 et
1072 1738 1269 1785 omnino
1303 1737 1421 1784 doe-

102 1823 240 1870 trinae
278 1824 416 1886 copia
441 1824 742 1886 praestantior
765 1841 908 1887 quam
940 1824 1115 1888 judicii
1142 1823 1416 1869 subtilitate.

100 1905 282 1968 Attigit
306 1906 433 1952 idem
457 1906 559 1952 loca
583 1907 809 1954 nonnulla
832 1906 880 1952 in
905 1906 1154 1952 Adversas.
1184 1906 1301 1961 XX,
1340 1919 1414 1952 20.

101 1988 272 2047 XXII,
307 2006 352 2052 9.
391 1989 586 2046 XXIII,
623 2009 650 2054 9
692 2002 738 2036 et
775 1987 850 2038 21'.
925 1989 1094 2048 XXX,
1138 2005 1212 2049 24,
1258 2004 1317 2045 et,
1364 2003 1415 2036 ut

96 2087 152 2117 eo
202 2071 308 2118 loco
366 2071 413 2118 se
463 2071 699 2119 fadturum
752 2072 1018 2134 profitetur,
1075 2072 1230 2119 denuo
1279 2072 1411 2118 Cirin

92 2157 228 2203 edere
266 2157 584 2213 constituerat,
624 2156 657 2202 fi
695 2157 972 2218 exemplum
1011 2156 1206 2218 aliquod
1240 2173 1410 2204 manu-

90 2241 320 2304 scriptum
344 2241 551 2289 nancisci
587 2258 798 2305 unquam
822 2241 986 2305 posset.
1048 2242 1113 2289 cf.
1153 2243 1405 2292 Fontanin.

89 2323 122 2370 l.
149 2323 180 2368 1.

149 2405 391 2469 Equidem
415 2408 700 2471 comparatis
724 2410 947 2472 antiquis,
981 2426 1089 2471 quae
1120 2411 1178 2458 ad
1206 2428 1400 2458 manum

86 2501 230 2546 erant,
264 2489 570 2548 editionibus,
596 2508 758 2538 ornnes
794 2492 886 2539 fere
918 2494 1038 2540 inter
1059 2494 1103 2539 se
1129 2496 1176 2540 in
1214 2494 1398 2540 easdem

83 2572 304 2620 leotiones
324 2586 369 2620 et
389 2576 503 2621 vitia
525 2576 790 2639 conspirare
815 2578 1043 2624 intellexi.
1114 2578 1258 2643 Qod
1283 2595 1397 2624 cum

83 2652 223 2701 semel
246 2657 628 2704 animadversum
655 2659 779 2715 essct,
819 2661 923 2706 satis
962 2662 1122 2718 habui,
1164 2663 1392 2707 Venetam

84 2739 205 2794 1484
225 2752 308 2799 per
331 2737 571 2786 Thomam
591 2739 649 2786 de
677 2740 960 2788 Alexandria
985 2744 1255 2806 expressam,
1280 2757 1392 2792 mox

655 2839 689 2886 g
726 2838 748 2869 2
1274 2844 1393 2874 :itio-

1290 2871 1304 2890 L
