1835 3396
348 226 413 263 10
754 205 1311 256 PROOEMIUM

343 340 510 403 passim
535 355 646 387 cum
671 337 823 395 laude,
857 349 903 384 et
930 336 1149 383 Lucanus
1175 352 1270 383 non
1296 338 1391 387 fine
1426 341 1666 406 superbiae

344 435 457 468 nota
480 421 645 468 dixisse
669 421 960 468 existimatus
985 419 1079 466 est:
1115 428 1156 465 et
1190 431 1389 484 quantum
1412 426 1520 471 mihi
1541 429 1670 488 restat

341 505 402 548 ad
442 503 621 548 Culicem
640 504 665 548 Ρ
720 501 810 547 hoc
849 513 1022 557 autem,
1075 500 1206 562 quod
1251 517 1376 548 nunc
1423 502 1668 566 habemus,

341 584 559 648 splendet
579 583 744 645 utique
767 598 862 628 uno
887 593 932 627 et
950 582 1095 627 altero
1121 581 1242 638 Ioco,
1277 593 1324 629 et
1348 583 1489 632 habet
1507 587 1667 635 laudes

339 666 615 719 nonnullas;
650 663 727 710 sed
753 675 798 711 et
829 675 927 709 tota
950 662 1069 708 illud
1093 661 1282 708 summa
1297 678 1467 726 peccat
1487 680 1534 714 et
1554 671 1668 733 plu..

338 750 461 800 rima
484 748 642 805 habet,
677 762 785 809 quae
811 744 884 791 vel
908 760 1081 808 parum
1101 743 1261 791 subtili
1278 744 1468 809 judicio
1491 750 1572 798 vix
1595 752 1669 800 sa*

336 834 397 885 tis
420 832 465 879 se
484 832 687 896 probare
710 830 899 894 possint.
970 828 1096 892 Qae
1131 844 1191 875 ne
1226 839 1407 878 temere
1442 849 1664 896 pronun..

335 914 466 965 tiaffe
486 915 747 970 videamur,
779 928 866 977 age
889 912 949 959 de
971 911 1197 959 carminis
1213 925 1499 974 argumento
1517 927 1565 963 et
1579 916 1665 966 ha*

335 996 438 1043 bitu
463 995 769 1058 dispiciamus
794 995 956 1058 paullo
979 994 1264 1041 accuratius·

399 1082 532 1128 Inter
556 1080 680 1127 lusus
717 1080 917 1127 refertur
950 1080 1039 1128 hoc
1077 1095 1269 1126 carmen
1308 1079 1484 1130 merito
1519 1097 1664 1146 argu..

332 1164 484 1217 menti
509 1162 642 1209 snivi
668 1174 713 1209 et
731 1174 910 1209 natura.
985 1161 1158 1219 Culex,
1193 1177 1307 1207 cum
1323 1162 1562 1224 pastorem
1586 1165 1665 1211 in..

331 1246 430 1299 fixo
453 1246 617 1292 aculeo
634 1262 658 1292 e
675 1245 842 1292 somno
857 1246 1118 1294 excitatum
1136 1245 1359 1314 praesenti
1374 1260 1528 1296 morte
1543 1250 1665 1297 libe-

328 1329 478 1388 rasset,
513 1330 690 1377 inflicfta
716 1347 858 1378 manu
882 1331 1100 1389 obtritus,
1136 1330 1358 1392 sequente
1384 1334 1522 1381 nocte
1551 1335 1661 1399 pas-

330 1413 421 1457 tori
463 1427 548 1475 per
581 1412 803 1460 somnum
842 1414 1048 1473 oblatus,
1081 1413 1142 1460 de
1178 1416 1306 1464 male
1341 1418 1486 1466 relata
1508 1420 1660 1483 gratia

330 1494 654 1555 conqueritur,
689 1495 1040 1560 hominemque
1069 1498 1187 1547 adeo
1227 1501 1527 1551 miseratione
1550 1519 1661 1551 mo.-

327 1588 420 1631 vet,
455 1589 506 1622 ut
532 1577 617 1623 fibi
641 1579 884 1628 tumulum
910 1580 1068 1630 faciat.
1138 1584 1244 1633 Nec
1269 1598 1430 1635 tamen
1456 1587 1657 1636 omnino

325 1658 468 1724 poeta
492 1676 685 1707 carmen
711 1663 904 1726 epicum
922 1663 1155 1729 joculare,
1189 1669 1460 1734 cujusmodi
1499 1670 1657 1718 nostra

326 1753 438 1789 aetas
463 1743 600 1805 plura
623 1745 760 1802 vidit,
794 1761 1084 1810 componere
1100 1751 1294 1799 voluiffe
1312 1752 1551 1816 putandus
1573 1752 1656 1800 est.

324 1823 551 1872 Narratio
574 1826 639 1873 est
663 1825 782 1874 serio
807 1828 1043 1886 instituta,
1074 1845 1163 1877 nec
1204 1842 1363 1878 tamen
1389 1831 1541 1896 epica,
1576 1831 1657 1879 sed

321 1906 381 1957 ad
405 1907 705 1970 pastoritium
731 1909 808 1958 seu
833 1910 1114 1958 bucolicum
1139 1927 1333 1961 carmen
1354 1915 1571 1978 propior,
1606 1929 1653 1963 et

321 1988 555 2035 delee‘tare
569 1989 762 2037 voluiffe
785 1991 927 2054 poe'ta
947 1991 1099 2041 videri
1124 1992 1282 2051 debet,
1296 1995 1476 2057 partim
1494 2011 1653 2047 rerum

320 2073 589 2120 narratione
624 2086 671 2121 et
709 2075 1042 2141 descriptione,
1078 2079 1258 2142 partim
1281 2080 1452 2128 culicis
1478 2080 1539 2128 de
1578 2082 1655 2128 in..

313 2157 445 2221 juria
468 2157 554 2203 fibi
579 2158 701 2206 facta
725 2164 1059 2225 conquerentis
1085 2162 1403 2213 miseratione.

385 2243 758 2306 Argumentum,
775 2245 808 2291 fi
833 2247 1085 2294 intentiore
1108 2247 1272 2293 animo
1296 2248 1652 2311 contempleris,

319 2340 407 2391 per
450 2325 494 2386 se
528 2325 635 2373 satis
682 2341 823 2376 tenue
866 2346 919 2377 ac
946 2329 1172 2395 jejunum
1196 2329 1286 2376 effe
1312 2329 1489 2393 vixque
1510 2347 1650 2396 mag-

319 2396 436 2456 num
461 2423 682 2465 ornatum
723 2429 891 2476 capere
925 2414 1054 2478 pofl'e
1090 2415 1295 2462 videtur.
1366 2414 1647 2463 Cumulavit

319 2503 478 2539 tamen
513 2508 787 2548 ornamenta
809 2496 1024 2560 quisquis
1050 2498 1153 2544 haec
1179 2496 1379 2560 scripsit,
1414 2510 1478 2556 et,
1514 2500 1646 2562 quod

317 2574 508 2637 gravius
525 2575 667 2621 etiam
687 2575 767 2632 est,
787 2576 833 2628 in
858 2579 1148 2625 ornamentis
1169 2579 1241 2625 his
1260 2594 1353 2625 non
1375 2580 1522 2626 modo
1541 2597 1646 2628 ma-

310 2659 467 2721 jorem
509 2675 667 2721 operae
713 2672 900 2721 partem
928 2661 1199 2721 consumsit,
1235 2679 1398 2710 verum
1422 2663 1565 2710 etiam
1584 2666 1643 2714 ad

316 2744 443 2796 locos
486 2744 698 2807 poeticos
737 2761 1018 2795 communes
1068 2748 1161 2799 scre
1201 2748 1362 2799 omnia
1386 2748 1645 2815 revocavit,

1463 2829 1640 2895 quibus
