1835 3396
286 235 376 291 694

290 347 347 386 N.
366 346 414 384 A.
438 360 470 389 1,
487 358 575 396 415.
618 341 789 379 Acidalia
801 344 854 381 N,
869 343 918 379 A.

294 413 332 444 1,
353 412 440 450 720.
495 395 704 447 fj.prae1nia
726 395 779 432 N.
802 397 851 433 A.
879 409 921 445 4,

293 465 355 501 33.
387 450 514 487 Venus
533 447 621 485 mari
640 457 716 483 orta
736 447 787 484 N.
810 448 858 485 A.
882 463 919 498 5,

295 506 384 540 800.
430 515 534 538 aurea
553 501 606 538 N.
625 501 673 535 A.
700 513 758 541 10,
777 503 833 539 16.
872 499 919 549 ej.

291 555 391 593 sacra
405 553 574 602 Cotyitia
585 552 635 590 N.
650 551 733 587 Cat.
751 565 788 602 5,
809 564 865 601 19.

345 605 481 642 Versus
494 605 603 656 primi
620 604 658 640 in
669 603 790 641 Codd.
808 603 919 640 omiffi

293 659 346 698 V.
366 659 411 695 L.
432 658 484 694 G.
508 672 544 701 2,
570 671 600 694 1.
656 655 701 692 ad
730 667 845 692 rerum
866 654 920 691 so-

292 725 359 749 nos
388 707 654 747 accommodati
680 707 798 744 versus
818 706 922 757 Disq.

297 777 312 802 1
339 764 355 814 ᾗ
378 761 529 799 XVIII.

350 815 456 851 Vesta
473 815 519 850 ab
534 813 648 850 AEnea
664 810 816 848 3111111613
830 810 922 847 Exc.

294 884 320 920 9
357 867 402 904 ad
440 866 487 903 A.
527 880 546 903 2
587 865 757 914 p.4.8.
804 875 923 899 unae

292 917 498 958 senioribus
516 917 587 954 diis
606 916 658 954 N.
682 916 729 952 A.
752 928 787 965 5,
809 929 897 966 744.

350 971 473 1007 Vestes
514 983 598 1007 cum
641 967 792 1005 intextis
835 969 925 1018 figg.

294 1024 390 1062 Exc.
412 1036 436 1070 4
455 1023 500 1059 ad
521 1023 569 1059 A.
593 1033 627 1071 5.

349 1075 505 1112 Vesulus
524 1087 625 1111 mons
649 1071 741 1122 apris
759 1072 925 1122 frequen-

297 1137 392 1168 tatus
407 1127 459 1164 N.
478 1129 525 1163 A.
552 1139 612 1169 10,
633 1127 721 1177 708.

352 1178 547 1222 Vesuvius,
562 1178 609 1226 ej.
624 1174 795 1215 incendia
807 1176 861 1214 N.
875 1175 928 1213 G.

298 1247 338 1278 2,
351 1244 450 1326 Viss,
468 1295 539 1319 ear.
562 1295 648 1319 cura
665 1281 703 1318 in
721 1292 815 1317 nova
828 1279 929 1317 colo-

299 1336 359 1373 nia
380 1337 431 1373 N.
450 1340 500 1371 A.
526 1347 560 1378 1,
581 1347 670 1381 422.

353 1388 485 1425 Victor
495 1387 664 1423 Aurelius
676 1398 745 1422 em.
759 1384 811 1423 N.
827 1384 875 1422 A.
892 1385 928 1422 6.

298 1454 389 1493 773.
419 1439 510 1476 Exc.
526 1439 611 1487 4ad
629 1439 677 1475 A.
695 1440 717 1476 6
733 1451 767 1488 p.
789 1450 824 1485 3.

353 1492 519 1529 meteres
534 1490 681 1527 inludis
698 1497 932 1526 monumenta

298 1544 371 1582 diis
387 1542 644 1581 consecrabant
654 1542 709 1580 N.
723 1541 775 1578 G.
791 1554 828 1588 3,
852 1555 863 1577 1
875 1554 910 1589 3.

352 1595 485 1633 Villici
501 1608 537 1644 p.
548 1594 692 1631 Italiam
709 1593 927 1630 [6111116011-

298 1648 443 1686 ditione
461 1646 515 1685 N.
535 1646 581 1684 E.
606 1661 640 1690 1,
667 1650 728 1683 28.
782 1645 928 1694 peculio

297 1700 339 1738 in
357 1700 561 1737 libertatern
590 1698 624 1736 se
653 1696 839 1735 vindicare
862 1711 928 1748 po-

299 1762 418 1790 terant
437 1751 488 1788 ib.

352 1804 455 1840 Vina
469 1812 625 1838 veterum
644 1801 698 1838 N.
713 1799 765 1838 G.
787 1814 823 1843 z,
841 1802 900 1850 89.

354 1855 486 1892 Vineae
502 1863 648 1891 arantur
664 1852 714 1890 V.
742 1851 786 1889 L.
814 1852 866 1889 G.
893 1867 928 1897 1,

298 1923 505 1996 &virbius
521 1958 625 1995 heros
645 1956 737 1994 Exc.
764 1957 784 1993 8
814 1955 859 1992 ad
879 1956 929 1994 A.

298 2025 339 2065 7.
360 2027 395 2062 p.
414 2011 552 2062 penult.

354 2062 551 2114 Virgilius,
583 2061 617 2098 ei
656 2059 805 2111 magicae
839 2068 932 2097 artes

300 2117 448 2154 tributae
467 2114 518 2152 V.
541 2113 591 2151 D.
621 2113 651 2150 I.
678 2126 710 2149 1.
765 2112 811 2161 ej.
840 2111 930 2149 ima-

300 2170 403 2220 gines
431 2167 482 2204 V.
517 2179 575 2216 19.
639 2176 776 2201 amores
794 2162 843 2200 V.
866 2178 928 2201 20.

300 2222 422 2271 pudor
449 2219 500 2256 V.
532 2232 592 2256 22.
647 2216 737 2254 min.
769 2215 930 2253 carmina

302 2273 394 2310 VII.
421 2275 486 2309 28.
532 2269 708 2318 Thyestes
734 2266 847 2305 VIII.
867 2281 929 2317 30.

298 2325 420 2362 versus
435 2323 473 2360 in
484 2321 622 2359 theatro
636 2318 776 2358 recitati
785 2318 855 2357 XI.
866 2333 929 2369 41.

299 2375 527 2428 epitaphium
556 2371 668 2410 XIV.
690 2386 752 2423 54.
807 2372 931 2421 Sepul-

301 2442 404 2465 crum
458 2425 511 2464 ib.
557 2424 676 2461 versus
729 2423 932 2474 imperfthi

302 2480 398 2517 XV.
418 2492 476 2530 59.
516 2485 553 2514 et
572 2476 680 2525 Disq.
706 2490 717 2514 1
743 2476 761 2527 ᾗ
780 2475 931 2513 XVIII.

299 2531 446 2570 inimici
465 2529 516 2566 V.
533 2527 582 2566 D.
600 2527 732 2565 XVII.
749 2532 811 2579 67.
853 2526 933 2579 agri

300 2581 496 2636 proscripti
515 2580 566 2617 V.
588 2579 638 2617 V.
666 2580 712 2616 ad
738 2594 820 2617 ann.
843 2592 931 2627 713.

299 2648 337 2673 et
372 2636 465 2684 Arg.
500 2633 545 2670 E.
581 2646 614 2670 1.
670 2632 805 2670 redditi
836 2631 932 2668 ibid.

301 2687 504 2739 periculum
533 2684 579 2721 ab
609 2683 721 2720 Arrio
758 2685 851 2734 Arg.
885 2682 931 2720 E.

300 2753 342 2789 9.
397 2738 489 2780 ordo
521 2736 739 2786 Eclogarum
771 2737 814 2772 ad
847 2748 931 2771 ann.

303 2805 393 2842 717.
457 2788 680 2838 Georgicor.
716 2787 932 2839 scriptorum

303 2854 444 2893 tempus
489 2841 535 2879 ad
587 2853 621 2877 a.
672 2853 761 2890 724.
832 2839 936 2876 testa-

569 224 845 271 INDEX
906 224 996 268 IN
1055 223 1345 276 NOTAS,

991 353 1149 380 mentum
1184 343 1231 380 ad
1258 356 1290 379 a.
1312 355 1401 394 735.
1455 342 1635 385 carmina.

991 395 1030 432 in
1065 395 1193 432 scholis
1235 395 1322 431 16613
1365 393 1457 432 ibid.
1527 408 1616 432 con-

988 447 1124 496 jectum
1154 447 1199 483 de
1229 446 1441 496 corruptelis
1464 460 1615 484 carmm.

995 499 1103 549 Virg.
1125 498 1175 535 ib.
1230 498 1485 549 idiographum
1505 498 1618 549 Virg.

992 550 1044 587 ib.
1082 550 1283 588 bucolicor.
1338 563 1488 587 carmm.
1533 564 1618 601 pro-

993 602 1123 652 prietas
1166 603 1217 640 T.
1265 603 1284 640 Ι
1323 615 1361 652 p.
1413 605 1455 639 18
1497 602 1535 639 ff.
1579 615 1617 653 p.

999 668 1043 704 19
1074 656 1111 692 ss.
1177 653 1351 704 allegoria
1395 653 1619 704 Eclogarum

994 719 1030 756 p.
1050 719 1110 746 21.
1134 721 1193 758 25.
1224 707 1335 756 Virg.
1352 719 1520 756 agrorum
1536 706 1621 747 litus

995 759 1049 796 N.
1071 759 1114 795 E.
1143 773 1176 803 1,
1199 761 1262 809 48.
1317 759 1444 808 ecloga
1463 773 1487 807 4
1503 771 1621 809 graece

994 809 1092 847 versa
1126 810 1178 848 ill.
1212 821 1247 847 et
1277 823 1347 847 em.
1395 811 1488 847 Exc.
1526 825 1538 848 1
1572 812 1620 849 ad

995 862 1085 899 Buc.
1108 861 1311 912 Virgiliani
1329 875 1440 899 carm.
1473 862 1621 900 charac-

994 924 1048 951 ter
1081 915 1236 952 Prooern.
1266 914 1318 950 G.
1346 928 1382 964 p.
1405 926 1442 964 5.
1494 913 1564 952 Gr.
1584 925 1623 952 et

996 966 1079 1003 Lat.
1092 967 1281 1018 scriptores
1301 966 1338 1002 in
1357 965 1552 1016 Georgicis
1568 967 1620 1004 se.

995 1031 1097 1055 cuins
1115 1021 1159 1056 est
1178 1033 1212 1070 p.
1237 1017 1298 1071 5s.
1344 1016 1521 1065 Georgic.
1547 1019 1621 1055 vir-

996 1080 1089 1106 tutes
1106 1085 1140 1121 p.
1160 1076 1193 1109 8.
1212 1086 1248 1121 9.
1293 1068 1432 1106 Graecae
1450 1070 1623 1120 loquendi

997 1122 1123 1160 formae
1142 1123 1178 1160 in
1196 1122 1305 1172 Virg.
1325 1122 1378 1159 N.
1399 1120 1451 1159 G.
1473 1135 1510 1166 2,
1534 1136 1622 1172 501.

997 1174 1164 1212 AEneidis
1181 1174 1272 1212 ratio
1291 1187 1332 1210 ac
1351 1173 1502 1211 virtutes
1515 1173 1622 1225 Disq.

1002 1241 1015 1264 1
1055 1227 1071 1277 {l
1100 1226 1189 1263 VII.
1245 1240 1264 1263 e
1293 1225 1458 1264 Graecor.
1487 1236 1623 1276 tragoe-

996 1279 1067 1316 diis
1085 1278 1240 1330 profecit
1259 1279 1276 1324 ξ
1293 1278 1402 1315 VIII.
1421 1291 1458 1315 2.
1500 1278 1627 1322 AEneis,

997 1331 1044 1368 ad
1110 1331 1265 1368 Homeri
1331 1330 1465 1367 imitat.
1531 1330 1625 1369 fafia

998 1383 1015 1434 ᾗ
1048 1382 1120 1421 XI.
1184 1383 1292 1434 Virg.
1325 1396 1345 1419 a
1376 1381 1509 1433 regulis
1538 1396 1627 1420 con-

998 1434 1194 1472 secutionis
1238 1446 1442 1486 temporum
1494 1436 1628 1472 receffit

999 1487 1053 1525 Ν.
1074 1488 1122 1526 A.
1148 1501 1182 1530 1,
1199 1489 1288 1538 706.
1342 1487 1381 1524 in
1400 1487 1486 1524 AEn.
1503 1486 1629 1524 Ateii-

998 1553 1084 1577 num
1103 1539 1317 1576 et‘Leschen
1342 1538 1506 1589 expreffit
1532 1538 1626 1576 Exc.

1005 1606 1018 1629 1
1052 1591 1098 1628 ad
1127 1591 1177 1629 A.
1208 1605 1227 1629 2
1249 1605 1285 1641 p.
1312 1605 1350 1629 11
1375 1592 1413 1629 ss'.
1468 1589 1628 1627 Graecis.

1000 1657 1100 1681 mum
1128 1644 1167 1681 in
1195 1643 1354 1680 hiatibus
1371 1652 1406 1680 et
1426 1642 1464 1679 in
1482 1642 1628 1692 syllabis

1000 1705 1088 1733 tono
1121 1694 1365 1747 producendis
1397 1694 1548 1732 feeiatur
1577 1694 1626 1739 V.

1000 1748 1045 1785 L.
1084 1749 1133 1785 A.
1173 1760 1210 1795 3,
1249 1760 1335 1785 211.
1389 1747 1435 1796 ej.
1472 1746 1631 1785 narratio

1000 1799 1100 1836 soeda
1118 1798 1259 1836 defensa
1278 1800 1371 1836 Exc.
1397 1802 1440 1837 16
1459 1799 1505 1835 ad
1520 1799 1570 1835 A.
1591 1812 1628 1847 3.

999 1850 1196 1888 oratoriam
1209 1851 1363 1888 formam
1376 1849 1558 1888 interdum
1573 1863 1629 1888 re-

999 1903 1091 1940 tinet
1111 1903 1160 1940 V.
1183 1902 1228 1939 L.
1248 1904 1298 1940 A.
1323 1915 1363 1951 4,
1392 1915 1481 1953 471.
1536 1902 1631 1939 ratio

1000 1955 1041 1992 in
1071 1954 1322 1992 enumerandis
1356 1953 1472 2004 copiis
1506 1954 1629 1991 latinis

1002 2007 1055 2046 N.
1077 2007 1126 2044 A.
1145 2020 1182 2058 7,
1204 2007 1291 2055 641.
1345 2005 1404 2042 sex
1421 2006 1630 2056 posteriores

1001 2059 1088 2097 AEn.
1107 2058 1195 2096 libri
1211 2071 1358 2108 paucor.
1388 2057 1529 2095 dierum
1554 2060 1630 2095 3613

1002 2112 1147 2161 explent
1165 2112 1258 2148 Exc.
1274 2125 1286 2148 1
1307 2109 1353 2149 ad
1370 2110 1418 2147 A.
1438 2123 1496 2156 12.
1532 2110 1632 2152 Cen÷

1002 2163 1081 2201 sura
1096 2175 1236 2206 eorum,
1264 2176 1343 2212 quae
1367 2161 1406 2198 in
1424 2161 1510 2200 AEn.
1530 2175 1630 2199 0660-

1001 2214 1126 2252 nomia
1139 2213 1349 2266 reprehendi
1359 2214 1498 2264 poffunt
1507 2213 1596 2251 Exc.
1608 2227 1628 2266 5

1001 2268 1047 2303 ad
1058 2267 1106 2304 A.
1124 2280 1181 2305 12.
1206 2266 1313 2317 Virg.
1324 2266 1363 2303 in
1375 2266 1460 2302 Uul.
1473 2265 1630 2304 Prooem.

1001 2319 1040 2356 in
1050 2319 1135 2356 Cul.
1146 2318 1337 2356 consilium
1350 2331 1461 2355 carm.
1479 2317 1531 2355 ib.
1545 2332 1579 2368 p.
1592 2333 1630 2368 4.

1000 2370 1107 2409 valde
1117 2371 1329 2421 depravatus
1344 2379 1382 2406 et
1398 2369 1632 2420 interpolatus

1000 2423 1079 2474 p.6.
1090 2422 1222 2460 notitia
1229 2422 1274 2459 de
1283 2423 1330 2472 ej.
1341 2431 1440 2459 textu
1451 2421 1632 2472 literar-lp.

1004 2477 1025 2511 8
1046 2476 1083 2512 is.
1129 2474 1368 2525 probabiliter
1387 2473 1565 2511 restitutus
1578 2474 1631 2511 T.

1003 2526 1073 2564 IV.
1090 2541 1128 2577 p.
1143 2527 1205 2578 69.
1248 2525 1347 2563 Ciris
1360 2527 1482 2562 auelor
1494 2535 1530 2562 et
1549 2538 1633 2562 cor-

1004 2578 1152 2629 ruptelae
1189 2578 1332 2616 Prooem
1364 2577 1444 2613 Cir.
1482 2576 1634 2615 Notitia

1003 2631 1138 2668 literar.
1151 2644 1187 2680 p.
1203 2632 1249 2680 89
1261 2629 1300 2668 ff.
1328 2628 1634 2679 Virg.Catale6ta

1007 2682 1163 2720 Prooem.
1192 2681 1276 2718 Cat.
1302 2681 1416 2732 Copae
1447 2682 1570 2719 3116101
1597 2690 1633 2718 et

1004 2747 1081 2785 arg.
1112 2733 1270 2770 Prooem.
1285 2733 1380 2783 Cop.
1394 2732 1532 2770 Moreti
1547 2746 1632 2769 auc-

1003 2795 1078 2829 tor,
1121 2799 1199 2836 arg.
1246 2794 1282 2820 et
1327 2784 1456 2823 notitia
1495 2784 1636 2834 literar.

1005 2837 1162 2876 Prooem.
1181 2838 1221 2876 in
1239 2836 1340 2875 Mor·

1478 2888 1637 2940 Virgilii
