<?xml version="1.0" encoding="UTF-8"?>
<!DOCTYPE html PUBLIC "-//W3C//DTD XHTML 1.0 Transitional//EN"
    "http://www.w3.org/TR/xhtml1/DTD/xhtml1-transitional.dtd">
<html xmlns="http://www.w3.org/1999/xhtml" xml:lang="en" lang="en">
 <head>
  <title>
</title>
<meta http-equiv="Content-Type" content="text/html;charset=utf-8" />
  <meta name='ocr-system' content='tesseract 3.04.00' />
  <meta name='ocr-capabilities' content='ocr_page ocr_carea ocr_par ocr_line ocrx_word'/>
</head>
<body>
  <div class='ocr_page' id='page_1' title='image "./operavarietatele04virguoft/operavarietatele04virguoft_0266.png"; bbox 0 0 1835 3396; ppageno 0'>
   <div class='ocr_carea' id='block_1_1' title="bbox 385 203 1706 268">
    <p class='ocr_par' dir='ltr' id='par_1_1' title="bbox 385 203 1706 268">
     <span class='ocr_line' id='line_1_1' title="bbox 385 203 1706 268; baseline 0.011 -18"><span class='ocrx_word' id='word_1_1' title='bbox 385 205 476 268; x_wconf 77' lang='lat'>256</span> <span class='ocrx_word' id='word_1_2' title='bbox 545 203 826 253; x_wconf 85' lang='lat' dir='ltr'>RECENS.</span> <span class='ocrx_word' id='word_1_3' title='bbox 853 205 1146 256; x_wconf 79' lang='lat' dir='ltr'>PARERG.</span> <span class='ocrx_word' id='word_1_4' title='bbox 1174 208 1267 257; x_wconf 90' lang='lat' dir='ltr'>ET</span> <span class='ocrx_word' id='word_1_5' title='bbox 1286 208 1706 265; x_wconf 86' lang='lat' dir='ltr'>ORNAMENT.</span> 
     </span>
    </p>
   </div>
   <div class='ocr_carea' id='block_1_2' title="bbox 382 339 1709 860">
    <p class='ocr_par' dir='ltr' id='par_1_2' title="bbox 382 339 1709 860">
     <span class='ocr_line' id='line_1_2' title="bbox 390 339 1709 401; baseline 0.009 -25"><span class='ocrx_word' id='word_1_6' title='bbox 390 349 485 377; x_wconf 87' lang='lat' dir='ltr'>ertus</span> <span class='ocrx_word' id='word_1_7' title='bbox 509 339 591 377; x_wconf 83' lang='lat' dir='ltr'>satis</span> <span class='ocrx_word' id='word_1_8' title='bbox 609 341 723 379; x_wconf 88' lang='lat' dir='ltr'>oculis</span> <span class='ocrx_word' id='word_1_9' title='bbox 741 350 956 381; x_wconf 88' lang='lat' dir='ltr'>occurreret.</span> <span class='ocrx_word' id='word_1_10' title='bbox 1013 342 1124 394; x_wconf 84' lang='lat' dir='ltr'>Qod</span> <span class='ocrx_word' id='word_1_11' title='bbox 1144 356 1251 381; x_wconf 85' lang='lat' dir='ltr'>manu</span> <span class='ocrx_word' id='word_1_12' title='bbox 1269 345 1358 383; x_wconf 91' lang='lat' dir='ltr'>olim</span> <span class='ocrx_word' id='word_1_13' title='bbox 1377 347 1549 398; x_wconf 84' lang='lat' dir='ltr'>gestabat,</span> <span class='ocrx_word' id='word_1_14' title='bbox 1567 348 1709 401; x_wconf 82' lang='lat' dir='ltr'>supple-</span> 
     </span>
     <span class='ocr_line' id='line_1_3' title="bbox 388 401 1702 458; baseline 0.007 -19"><span class='ocrx_word' id='word_1_15' title='bbox 388 401 507 439; x_wconf 80' lang='lat' dir='ltr'><strong>vimus</strong></span> <span class='ocrx_word' id='word_1_16' title='bbox 531 401 688 447; x_wconf 83' lang='lat' dir='ltr'>frenum,</span> <span class='ocrx_word' id='word_1_17' title='bbox 716 403 834 453; x_wconf 84' lang='lat' dir='ltr'>paffim</span> <span class='ocrx_word' id='word_1_18' title='bbox 863 403 901 440; x_wconf 92' lang='lat' dir='ltr'>in</span> <span class='ocrx_word' id='word_1_19' title='bbox 930 403 1050 440; x_wconf 85' lang='lat' dir='ltr'>numis</span> <span class='ocrx_word' id='word_1_20' title='bbox 1076 405 1243 449; x_wconf 78' lang='lat' dir='ltr'>obvium,</span> <span class='ocrx_word' id='word_1_21' title='bbox 1271 418 1308 442; x_wconf 86' lang='lat' dir='ltr'>v.</span> <span class='ocrx_word' id='word_1_22' title='bbox 1330 420 1365 443; x_wconf 93' lang='lat' dir='ltr'>c.</span> <span class='ocrx_word' id='word_1_23' title='bbox 1393 409 1557 458; x_wconf 75' lang='lat' dir='ltr'>Nmnism.</span> <span class='ocrx_word' id='word_1_24' title='bbox 1579 410 1628 446; x_wconf 91' lang='lat' dir='ltr'>Pi</span> <span class='ocrx_word' id='word_1_25' title='bbox 1640 425 1702 449; x_wconf 86' lang='lat' dir='ltr'>an.</span> 
     </span>
     <span class='ocr_line' id='line_1_4' title="bbox 387 463 1706 518; baseline 0.007 -20"><span class='ocrx_word' id='word_1_26' title='bbox 387 471 415 498; x_wconf 91' lang='lat' dir='ltr'>t.</span> <span class='ocrx_word' id='word_1_27' title='bbox 444 475 508 512; x_wconf 82' lang='lat'>39,</span> <span class='ocrx_word' id='word_1_28' title='bbox 539 476 574 514; x_wconf 81' lang='grc' dir='ltr'>ς.</span> <span class='ocrx_word' id='word_1_29' title='bbox 606 476 666 515; x_wconf 77' lang='lat'>54.</span> <span class='ocrx_word' id='word_1_30' title='bbox 695 476 732 511; x_wconf 86' lang='lat'>4.</span> <span class='ocrx_word' id='word_1_31' title='bbox 762 467 824 506; x_wconf 84' lang='lat'>61,</span> <span class='ocrx_word' id='word_1_32' title='bbox 854 477 890 512; x_wconf 86' lang='lat'>3.</span> <span class='ocrx_word' id='word_1_33' title='bbox 944 463 1169 501; x_wconf 81' lang='lat' dir='ltr'>Addidimus</span> <span class='ocrx_word' id='word_1_34' title='bbox 1196 474 1312 502; x_wconf 85' lang='lat' dir='ltr'>rotam</span> <span class='ocrx_word' id='word_1_35' title='bbox 1341 467 1388 503; x_wconf 85' lang='lat' dir='ltr'>ad</span> <span class='ocrx_word' id='word_1_36' title='bbox 1418 468 1539 518; x_wconf 85' lang='lat' dir='ltr'>pedes.</span> <span class='ocrx_word' id='word_1_37' title='bbox 1592 468 1706 507; x_wconf 80' lang='lat' dir='ltr'>Innu-</span> 
     </span>
     <span class='ocr_line' id='line_1_5' title="bbox 386 522 1705 576; baseline 0.006 -18"><span class='ocrx_word' id='word_1_38' title='bbox 386 535 485 559; x_wconf 87' lang='lat' dir='ltr'>mera</span> <span class='ocrx_word' id='word_1_39' title='bbox 502 522 581 560; x_wconf 87' lang='lat' dir='ltr'>sunt</span> <span class='ocrx_word' id='word_1_40' title='bbox 607 524 770 574; x_wconf 77' lang='lat' dir='ltr'>exempla</span> <span class='ocrx_word' id='word_1_41' title='bbox 798 522 995 561; x_wconf 82' lang='lat' dir='ltr'>Nemeseos</span> <span class='ocrx_word' id='word_1_42' title='bbox 1013 524 1052 560; x_wconf 87' lang='lat' dir='ltr'>in</span> <span class='ocrx_word' id='word_1_43' title='bbox 1082 524 1200 561; x_wconf 86' lang='lat' dir='ltr'>numis</span> <span class='ocrx_word' id='word_1_44' title='bbox 1220 533 1256 561; x_wconf 91' lang='lat' dir='ltr'>et</span> <span class='ocrx_word' id='word_1_45' title='bbox 1273 526 1442 576; x_wconf 81' lang='lat' dir='ltr'>gemmis,</span> <span class='ocrx_word' id='word_1_46' title='bbox 1495 528 1586 565; x_wconf 90' lang='lat' dir='ltr'>Non</span> <span class='ocrx_word' id='word_1_47' title='bbox 1616 541 1705 566; x_wconf 90' lang='lat' dir='ltr'>con-</span> 
     </span>
     <span class='ocr_line' id='line_1_6' title="bbox 385 580 1707 639; baseline 0.005 -21"><span class='ocrx_word' id='word_1_48' title='bbox 385 580 573 619; x_wconf 82' lang='lat' dir='ltr'>fundenda</span> <span class='ocrx_word' id='word_1_49' title='bbox 591 584 636 620; x_wconf 89' lang='lat' dir='ltr'>est</span> <span class='ocrx_word' id='word_1_50' title='bbox 656 597 738 620; x_wconf 86' lang='lat' dir='ltr'>cum</span> <span class='ocrx_word' id='word_1_51' title='bbox 756 597 797 620; x_wconf 89' lang='lat' dir='ltr'>ea</span> <span class='ocrx_word' id='word_1_52' title='bbox 816 582 940 620; x_wconf 91' lang='lat' dir='ltr'>Venus</span> <span class='ocrx_word' id='word_1_53' title='bbox 960 583 1187 635; x_wconf 83' lang='lat' dir='ltr'>Agoracriti,</span> <span class='ocrx_word' id='word_1_54' title='bbox 1216 584 1411 622; x_wconf 85' lang='lat' dir='ltr'>Nemeseos</span> <span class='ocrx_word' id='word_1_55' title='bbox 1431 587 1579 625; x_wconf 90' lang='lat' dir='ltr'>nomine</span> <span class='ocrx_word' id='word_1_56' title='bbox 1597 586 1707 639; x_wconf 83' lang='lat' dir='ltr'>infig-</span> 
     </span>
     <span class='ocr_line' id='line_1_7' title="bbox 384 643 1705 697; baseline 0.005 -17"><span class='ocrx_word' id='word_1_57' title='bbox 384 643 481 680; x_wconf 80' lang='lat' dir='ltr'>nita:</span> <span class='ocrx_word' id='word_1_58' title='bbox 514 643 606 682; x_wconf 87' lang='lat' dir='ltr'>Plin.</span> <span class='ocrx_word' id='word_1_59' title='bbox 633 644 834 689; x_wconf 86' lang='lat' dir='ltr'>XXXVI,</span> <span class='ocrx_word' id='word_1_60' title='bbox 863 659 902 695; x_wconf 92' lang='lat'>4.</span> <span class='ocrx_word' id='word_1_61' title='bbox 931 658 950 694; x_wconf 82' lang='lat'>3</span> <span class='ocrx_word' id='word_1_62' title='bbox 981 644 1185 683; x_wconf 84' lang='lat' dir='ltr'>ctPausan.</span> <span class='ocrx_word' id='word_1_63' title='bbox 1220 645 1254 691; x_wconf 93' lang='lat' dir='ltr'>I,</span> <span class='ocrx_word' id='word_1_64' title='bbox 1283 659 1346 697; x_wconf 83' lang='lat'>33.</span> <span class='ocrx_word' id='word_1_65' title='bbox 1401 646 1541 685; x_wconf 90' lang='lat' dir='ltr'>Verum</span> <span class='ocrx_word' id='word_1_66' title='bbox 1559 648 1605 686; x_wconf 87' lang='lat' dir='ltr'>de</span> <span class='ocrx_word' id='word_1_67' title='bbox 1624 648 1705 687; x_wconf 89' lang='lat' dir='ltr'>Ne-</span> 
     </span>
     <span class='ocr_line' id='line_1_8' title="bbox 386 702 1703 755; baseline 0.006 -15"><span class='ocrx_word' id='word_1_68' title='bbox 386 703 470 740; x_wconf 85' lang='lat' dir='ltr'>mefi</span> <span class='ocrx_word' id='word_1_69' title='bbox 502 703 575 753; x_wconf 90' lang='lat' dir='ltr'>post</span> <span class='ocrx_word' id='word_1_70' title='bbox 604 705 748 740; x_wconf 69' lang='lat' dir='ltr'>Her-deri</span> <span class='ocrx_word' id='word_1_71' title='bbox 773 703 824 741; x_wconf 90' lang='lat' dir='ltr'>V.</span> <span class='ocrx_word' id='word_1_72' title='bbox 846 704 892 742; x_wconf 89' lang='lat' dir='ltr'>C.</span> <span class='ocrx_word' id='word_1_73' title='bbox 920 705 1214 755; x_wconf 83' lang='lat' dir='ltr'>elegantissimam</span> <span class='ocrx_word' id='word_1_74' title='bbox 1241 702 1526 755; x_wconf 89' lang='lat' dir='ltr'>disputationem</span> <span class='ocrx_word' id='word_1_75' title='bbox 1553 707 1703 747; x_wconf 89' lang='lat' dir='ltr'>verbum</span> 
     </span>
     <span class='ocr_line' id='line_1_9' title="bbox 385 762 1701 814; baseline 0.006 -16"><span class='ocrx_word' id='word_1_76' title='bbox 385 762 487 812; x_wconf 88' lang='lat' dir='ltr'>piget</span> <span class='ocrx_word' id='word_1_77' title='bbox 521 762 664 799; x_wconf 85' lang='lat' dir='ltr'>addere.</span> <span class='ocrx_word' id='word_1_78' title='bbox 734 763 984 814; x_wconf 84' lang='lat' dir='ltr'>Subjiciebant</span> <span class='ocrx_word' id='word_1_79' title='bbox 1017 774 1138 800; x_wconf 85' lang='lat' dir='ltr'>autem</span> <span class='ocrx_word' id='word_1_80' title='bbox 1176 764 1441 814; x_wconf 84' lang='lat' dir='ltr'>cogitationem</span> <span class='ocrx_word' id='word_1_81' title='bbox 1474 766 1521 804; x_wconf 83' lang='lat' dir='ltr'>de</span> <span class='ocrx_word' id='word_1_82' title='bbox 1556 766 1701 806; x_wconf 85' lang='lat' dir='ltr'>Nemefi</span> 
     </span>
     <span class='ocr_line' id='line_1_10' title="bbox 382 821 806 860; baseline 0.005 -2"><span class='ocrx_word' id='word_1_83' title='bbox 382 821 503 860; x_wconf 88' lang='lat' dir='ltr'>versus</span> <span class='ocrx_word' id='word_1_84' title='bbox 519 821 694 859; x_wconf 68' lang='lat' dir='ltr'>Catalest.</span> <span class='ocrx_word' id='word_1_85' title='bbox 714 832 806 860; x_wconf 72' lang='lat' dir='ltr'>extr.</span> 
     </span>
    </p>
   </div>
   <div class='ocr_carea' id='block_1_3' title="bbox 640 894 1372 1007">
    <p class='ocr_par' dir='ltr' id='par_1_3' title="bbox 640 894 1372 1007">
     <span class='ocr_line' id='line_1_11' title="bbox 640 894 1337 941; baseline 0.004 -8"><span class='ocrx_word' id='word_1_86' title='bbox 640 894 728 933; x_wconf 73' lang='lat' dir='ltr'>Tale</span> <span class='ocrx_word' id='word_1_87' title='bbox 744 897 815 932; x_wconf 60' lang='lat' dir='ltr'>deae</span> <span class='ocrx_word' id='word_1_88' title='bbox 833 911 973 941; x_wconf 71' lang='lat' dir='ltr'>mcmeng</span> <span class='ocrx_word' id='word_1_89' title='bbox 1003 897 1069 935; x_wconf 75' lang='lat' dir='ltr'>tali</span> <span class='ocrx_word' id='word_1_90' title='bbox 1082 896 1240 935; x_wconf 72' lang='lat' dir='ltr'>mortalia</span> <span class='ocrx_word' id='word_1_91' title='bbox 1255 907 1337 936; x_wconf 73' lang='lat' dir='ltr'>nutu</span> 
     </span>
     <span class='ocr_line' id='line_1_12' title="bbox 695 954 1372 1007; baseline 0.009 -17"><span class='ocrx_word' id='word_1_92' title='bbox 695 954 825 992; x_wconf 76' lang='lat' dir='ltr'>Fallax</span> <span class='ocrx_word' id='word_1_93' title='bbox 845 968 996 994; x_wconf 79' lang='lat' dir='ltr'>momento</span> <span class='ocrx_word' id='word_1_94' title='bbox 1015 965 1163 1007; x_wconf 61' lang='lat' dir='ltr'>temporis</span> <span class='ocrx_word' id='word_1_95' title='bbox 1181 958 1264 994; x_wconf 60' lang='lat' dir='ltr'>hvra</span> <span class='ocrx_word' id='word_1_96' title='bbox 1281 957 1372 996; x_wconf 75' lang='lat' dir='ltr'>tulit.</span> 
     </span>
    </p>
   </div>
   <div class='ocr_carea' id='block_1_4' title="bbox 375 1037 1704 1870">
    <p class='ocr_par' dir='ltr' id='par_1_4' title="bbox 375 1037 1704 1870">
     <span class='ocr_line' id='line_1_13' title="bbox 436 1037 1704 1092; baseline 0.005 -18"><span class='ocrx_word' id='word_1_97' title='bbox 436 1039 509 1076; x_wconf 87' lang='lat' dir='ltr'>XI.</span> <span class='ocrx_word' id='word_1_98' title='bbox 537 1053 576 1090; x_wconf 88' lang='lat' dir='ltr'>p.</span> <span class='ocrx_word' id='word_1_99' title='bbox 598 1052 669 1091; x_wconf 73' lang='lat'>205⁶</span> <span class='ocrx_word' id='word_1_100' title='bbox 685 1038 753 1088; x_wconf 77' lang='lat' dir='ltr'>sub</span> <span class='ocrx_word' id='word_1_101' title='bbox 759 1041 958 1090; x_wconf 77' lang='lat' dir='ltr'>fragmento</span> <span class='ocrx_word' id='word_1_102' title='bbox 974 1037 1128 1088; x_wconf 67' lang='lat' dir='ltr'>Epssolae</span> <span class='ocrx_word' id='word_1_103' title='bbox 1147 1039 1301 1076; x_wconf 72' lang='lat' dir='ltr'>Maronis</span> <span class='ocrx_word' id='word_1_104' title='bbox 1320 1041 1372 1078; x_wconf 85' lang='lat' dir='ltr'>ad</span> <span class='ocrx_word' id='word_1_105' title='bbox 1383 1041 1579 1092; x_wconf 72' lang='lat' dir='ltr'>Auglstum.</span> <span class='ocrx_word' id='word_1_106' title='bbox 1624 1041 1704 1080; x_wconf 83' lang='lat' dir='ltr'>Ge-</span> 
     </span>
     <span class='ocr_line' id='line_1_14' title="bbox 383 1097 1702 1149; baseline 0.002 -13"><span class='ocrx_word' id='word_1_107' title='bbox 383 1099 464 1137; x_wconf 84' lang='lat' dir='ltr'>nius</span> <span class='ocrx_word' id='word_1_108' title='bbox 477 1099 613 1137; x_wconf 87' lang='lat' dir='ltr'>Mortis</span> <span class='ocrx_word' id='word_1_109' title='bbox 625 1099 825 1149; x_wconf 80' lang='lat' dir='ltr'>pulchellus</span> <span class='ocrx_word' id='word_1_110' title='bbox 837 1111 919 1134; x_wconf 87' lang='lat' dir='ltr'>cum</span> <span class='ocrx_word' id='word_1_111' title='bbox 935 1097 1013 1135; x_wconf 79' lang='lat' dir='ltr'>face</span> <span class='ocrx_word' id='word_1_112' title='bbox 1027 1097 1164 1134; x_wconf 87' lang='lat' dir='ltr'>inversa</span> <span class='ocrx_word' id='word_1_113' title='bbox 1176 1111 1195 1135; x_wconf 89' lang='lat' dir='ltr'>e</span> <span class='ocrx_word' id='word_1_114' title='bbox 1212 1112 1355 1149; x_wconf 87' lang='lat' dir='ltr'>gemma</span> <span class='ocrx_word' id='word_1_115' title='bbox 1371 1114 1379 1137; x_wconf 88' lang='lat'>:</span> <span class='ocrx_word' id='word_1_116' title='bbox 1403 1101 1550 1139; x_wconf 80' lang='lat' dir='ltr'>Cabinet</span> <span class='ocrx_word' id='word_1_117' title='bbox 1566 1102 1610 1139; x_wconf 85' lang='lat' dir='ltr'>du</span> <span class='ocrx_word' id='word_1_118' title='bbox 1624 1102 1702 1139; x_wconf 86' lang='lat' dir='ltr'>Duc</span> 
     </span>
     <span class='ocr_line' id='line_1_15' title="bbox 380 1156 1700 1211; baseline 0.002 -14"><span class='ocrx_word' id='word_1_119' title='bbox 380 1159 423 1197; x_wconf 85' lang='lat' dir='ltr'>d’</span> <span class='ocrx_word' id='word_1_120' title='bbox 443 1160 588 1198; x_wconf 70' lang='lat' dir='ltr'>Orlc-cms</span> <span class='ocrx_word' id='word_1_121' title='bbox 607 1158 669 1197; x_wconf 78' lang='lat' dir='ltr'>To.</span> <span class='ocrx_word' id='word_1_122' title='bbox 690 1160 724 1196; x_wconf 90' lang='lat' dir='ltr'>I.</span> <span class='ocrx_word' id='word_1_123' title='bbox 749 1158 822 1196; x_wconf 75' lang='lat' dir='ltr'>tab.</span> <span class='ocrx_word' id='word_1_124' title='bbox 853 1161 915 1206; x_wconf 85' lang='lat'>38.</span> <span class='ocrx_word' id='word_1_125' title='bbox 970 1156 1028 1194; x_wconf 90' lang='lat' dir='ltr'>De</span> <span class='ocrx_word' id='word_1_126' title='bbox 1047 1157 1115 1194; x_wconf 89' lang='lat' dir='ltr'>hoc</span> <span class='ocrx_word' id='word_1_127' title='bbox 1131 1157 1255 1195; x_wconf 85' lang='lat' dir='ltr'>Genio</span> <span class='ocrx_word' id='word_1_128' title='bbox 1284 1173 1363 1210; x_wconf 72' lang='lat' dir='ltr'>quse</span> <span class='ocrx_word' id='word_1_129' title='bbox 1379 1161 1497 1198; x_wconf 84' lang='lat' dir='ltr'>nostro</span> <span class='ocrx_word' id='word_1_130' title='bbox 1523 1170 1700 1211; x_wconf 87' lang='lat' dir='ltr'>tempore,</span> 
     </span>
     <span class='ocr_line' id='line_1_16' title="bbox 380 1215 1702 1270; baseline 0.002 -14"><span class='ocrx_word' id='word_1_131' title='bbox 380 1220 552 1257; x_wconf 89' lang='lat' dir='ltr'>nonnulla</span> <span class='ocrx_word' id='word_1_132' title='bbox 571 1218 703 1269; x_wconf 83' lang='lat' dir='ltr'>cupide</span> <span class='ocrx_word' id='word_1_133' title='bbox 717 1217 830 1268; x_wconf 81' lang='lat' dir='ltr'>magis</span> <span class='ocrx_word' id='word_1_134' title='bbox 848 1229 956 1267; x_wconf 83' lang='lat' dir='ltr'>quam</span> <span class='ocrx_word' id='word_1_135' title='bbox 973 1215 1078 1253; x_wconf 67' lang='lat' dir='ltr'>doc‘te</span> <span class='ocrx_word' id='word_1_136' title='bbox 1098 1230 1139 1254; x_wconf 76' lang='lat' dir='ltr'>a&#39;c</span> <span class='ocrx_word' id='word_1_137' title='bbox 1158 1231 1254 1261; x_wconf 81' lang='lat' dir='ltr'>vere,</span> <span class='ocrx_word' id='word_1_138' title='bbox 1269 1218 1448 1270; x_wconf 83' lang='lat' dir='ltr'>disputata</span> <span class='ocrx_word' id='word_1_139' title='bbox 1463 1219 1545 1264; x_wconf 75' lang='lat' dir='ltr'>sint,</span> <span class='ocrx_word' id='word_1_140' title='bbox 1564 1233 1702 1258; x_wconf 90' lang='lat' dir='ltr'>memo-</span> 
     </span>
     <span class='ocr_line' id='line_1_17' title="bbox 382 1275 1702 1332; baseline 0.002 -15"><span class='ocrx_word' id='word_1_141' title='bbox 382 1293 458 1317; x_wconf 86' lang='lat' dir='ltr'>rare</span> <span class='ocrx_word' id='word_1_142' title='bbox 474 1280 606 1316; x_wconf 79' lang='lat' dir='ltr'>necesse</span> <span class='ocrx_word' id='word_1_143' title='bbox 620 1292 691 1316; x_wconf 86' lang='lat' dir='ltr'>non</span> <span class='ocrx_word' id='word_1_144' title='bbox 706 1279 774 1322; x_wconf 89' lang='lat' dir='ltr'>est;</span> <span class='ocrx_word' id='word_1_145' title='bbox 793 1277 866 1313; x_wconf 87' lang='lat' dir='ltr'>Etfi</span> <span class='ocrx_word' id='word_1_146' title='bbox 881 1275 954 1326; x_wconf 85' lang='lat' dir='ltr'>ipsa</span> <span class='ocrx_word' id='word_1_147' title='bbox 966 1290 1018 1314; x_wconf 87' lang='lat' dir='ltr'>res</span> <span class='ocrx_word' id='word_1_148' title='bbox 1038 1276 1159 1323; x_wconf 86' lang='lat' dir='ltr'>docet,</span> <span class='ocrx_word' id='word_1_149' title='bbox 1170 1288 1204 1314; x_wconf 91' lang='lat' dir='ltr'>et</span> <span class='ocrx_word' id='word_1_150' title='bbox 1218 1280 1394 1316; x_wconf 86' lang='lat' dir='ltr'>Somnum</span> <span class='ocrx_word' id='word_1_151' title='bbox 1410 1289 1444 1316; x_wconf 89' lang='lat' dir='ltr'>et</span> <span class='ocrx_word' id='word_1_152' title='bbox 1459 1279 1622 1318; x_wconf 81' lang='lat' dir='ltr'>Mortem</span> <span class='ocrx_word' id='word_1_153' title='bbox 1636 1294 1702 1332; x_wconf 87' lang='lat' dir='ltr'>per</span> 
     </span>
     <span class='ocr_line' id='line_1_18' title="bbox 379 1335 1702 1391; baseline 0.002 -15"><span class='ocrx_word' id='word_1_154' title='bbox 379 1352 530 1391; x_wconf 90' lang='lat' dir='ltr'>puerum</span> <span class='ocrx_word' id='word_1_155' title='bbox 549 1337 606 1375; x_wconf 86' lang='lat' dir='ltr'>seu</span> <span class='ocrx_word' id='word_1_156' title='bbox 622 1335 800 1379; x_wconf 78' lang='lat' dir='ltr'>Genium,</span> <span class='ocrx_word' id='word_1_157' title='bbox 818 1335 945 1373; x_wconf 88' lang='lat' dir='ltr'>eodem</span> <span class='ocrx_word' id='word_1_158' title='bbox 957 1335 1101 1379; x_wconf 82' lang='lat' dir='ltr'>habitu,</span> <span class='ocrx_word' id='word_1_159' title='bbox 1115 1335 1192 1374; x_wconf 89' lang='lat' dir='ltr'>face</span> <span class='ocrx_word' id='word_1_160' title='bbox 1203 1337 1341 1374; x_wconf 84' lang='lat' dir='ltr'>inversa</span> <span class='ocrx_word' id='word_1_161' title='bbox 1358 1339 1531 1390; x_wconf 84' lang='lat' dir='ltr'>appofita,</span> <span class='ocrx_word' id='word_1_162' title='bbox 1545 1339 1702 1390; x_wconf 82' lang='lat' dir='ltr'>promis-</span> 
     </span>
     <span class='ocr_line' id='line_1_19' title="bbox 380 1397 1699 1448; baseline 0.001 -10"><span class='ocrx_word' id='word_1_163' title='bbox 380 1414 448 1438; x_wconf 90' lang='lat' dir='ltr'>cue</span> <span class='ocrx_word' id='word_1_164' title='bbox 467 1399 659 1438; x_wconf 83' lang='lat' dir='ltr'>declarari.</span> <span class='ocrx_word' id='word_1_165' title='bbox 713 1397 863 1435; x_wconf 87' lang='lat' dir='ltr'>Scilicet</span> <span class='ocrx_word' id='word_1_166' title='bbox 880 1397 1026 1448; x_wconf 87' lang='lat' dir='ltr'>proprie</span> <span class='ocrx_word' id='word_1_167' title='bbox 1050 1397 1192 1436; x_wconf 86' lang='lat' dir='ltr'>Genius</span> <span class='ocrx_word' id='word_1_168' title='bbox 1211 1398 1271 1437; x_wconf 87' lang='lat' dir='ltr'>ille</span> <span class='ocrx_word' id='word_1_169' title='bbox 1284 1399 1330 1436; x_wconf 89' lang='lat' dir='ltr'>est</span> <span class='ocrx_word' id='word_1_170' title='bbox 1350 1399 1524 1445; x_wconf 81' lang='lat' dir='ltr'>Somnus3</span> <span class='ocrx_word' id='word_1_171' title='bbox 1555 1400 1617 1438; x_wconf 89' lang='lat' dir='ltr'>hic</span> <span class='ocrx_word' id='word_1_172' title='bbox 1634 1414 1699 1439; x_wconf 92' lang='lat' dir='ltr'>au-</span> 
     </span>
     <span class='ocr_line' id='line_1_20' title="bbox 380 1457 1701 1506; baseline 0 -10"><span class='ocrx_word' id='word_1_173' title='bbox 380 1469 469 1506; x_wconf 86' lang='lat' dir='ltr'>tem,</span> <span class='ocrx_word' id='word_1_174' title='bbox 485 1460 530 1497; x_wconf 88' lang='lat' dir='ltr'>ad</span> <span class='ocrx_word' id='word_1_175' title='bbox 547 1458 674 1497; x_wconf 87' lang='lat' dir='ltr'>feralia</span> <span class='ocrx_word' id='word_1_176' title='bbox 687 1458 884 1502; x_wconf 61' lang='lat' dir='ltr'>traductus,</span> <span class='ocrx_word' id='word_1_177' title='bbox 902 1457 1008 1494; x_wconf 86' lang='lat' dir='ltr'>refert</span> <span class='ocrx_word' id='word_1_178' title='bbox 1022 1457 1257 1496; x_wconf 73' lang='lat' dir='ltr'>similitudine</span> <span class='ocrx_word' id='word_1_179' title='bbox 1272 1460 1447 1497; x_wconf 86' lang='lat' dir='ltr'>Somnum</span> <span class='ocrx_word' id='word_1_180' title='bbox 1461 1460 1565 1498; x_wconf 90' lang='lat' dir='ltr'>illum</span> <span class='ocrx_word' id='word_1_181' title='bbox 1580 1462 1701 1500; x_wconf 87' lang='lat' dir='ltr'>omni..</span> 
     </span>
     <span class='ocr_line' id='line_1_21' title="bbox 378 1517 1700 1572; baseline 0.002 -14"><span class='ocrx_word' id='word_1_182' title='bbox 378 1520 444 1558; x_wconf 89' lang='lat' dir='ltr'>bus</span> <span class='ocrx_word' id='word_1_183' title='bbox 463 1520 566 1558; x_wconf 61' lang='lat' dir='ltr'>noffle</span> <span class='ocrx_word' id='word_1_184' title='bbox 579 1532 649 1556; x_wconf 88' lang='lat' dir='ltr'>una</span> <span class='ocrx_word' id='word_1_185' title='bbox 662 1519 772 1569; x_wconf 89' lang='lat' dir='ltr'>longa</span> <span class='ocrx_word' id='word_1_186' title='bbox 789 1517 1058 1556; x_wconf 85' lang='lat' dir='ltr'>dormiendum.</span> <span class='ocrx_word' id='word_1_187' title='bbox 1115 1518 1252 1555; x_wconf 87' lang='lat' dir='ltr'>Tutior</span> <span class='ocrx_word' id='word_1_188' title='bbox 1269 1520 1314 1556; x_wconf 90' lang='lat' dir='ltr'>est</span> <span class='ocrx_word' id='word_1_189' title='bbox 1333 1518 1581 1571; x_wconf 88' lang='lat' dir='ltr'>interpretatio</span> <span class='ocrx_word' id='word_1_190' title='bbox 1595 1522 1700 1572; x_wconf 88' lang='lat' dir='ltr'>pueri</span> 
     </span>
     <span class='ocr_line' id='line_1_22' title="bbox 379 1578 1698 1631; baseline 0.002 -13"><span class='ocrx_word' id='word_1_191' title='bbox 379 1581 440 1618; x_wconf 88' lang='lat' dir='ltr'>seu</span> <span class='ocrx_word' id='word_1_192' title='bbox 456 1579 667 1631; x_wconf 89' lang='lat' dir='ltr'>Geniipelli</span> <span class='ocrx_word' id='word_1_193' title='bbox 681 1579 859 1617; x_wconf 79' lang='lat' dir='ltr'>substratae</span> <span class='ocrx_word' id='word_1_194' title='bbox 871 1578 1075 1616; x_wconf 80' lang='lat' dir='ltr'>incubantis</span> <span class='ocrx_word' id='word_1_195' title='bbox 1086 1579 1130 1616; x_wconf 89' lang='lat' dir='ltr'>de</span> <span class='ocrx_word' id='word_1_196' title='bbox 1146 1580 1282 1617; x_wconf 86' lang='lat' dir='ltr'>Somno</span> <span class='ocrx_word' id='word_1_197' title='bbox 1296 1593 1305 1616; x_wconf 77' lang='lat' dir='ltr'><em>z</em></span> <span class='ocrx_word' id='word_1_198' title='bbox 1329 1589 1368 1617; x_wconf 88' lang='lat' dir='ltr'>ut</span> <span class='ocrx_word' id='word_1_199' title='bbox 1382 1580 1546 1619; x_wconf 87' lang='lat' dir='ltr'>Venetiis</span> <span class='ocrx_word' id='word_1_200' title='bbox 1558 1581 1596 1619; x_wconf 90' lang='lat' dir='ltr'>in</span> <span class='ocrx_word' id='word_1_201' title='bbox 1614 1582 1698 1621; x_wconf 89' lang='lat' dir='ltr'>bib-</span> 
     </span>
     <span class='ocr_line' id='line_1_23' title="bbox 379 1638 1695 1692; baseline 0.001 -14"><span class='ocrx_word' id='word_1_202' title='bbox 379 1640 537 1678; x_wconf 85' lang='lat' dir='ltr'>liotheca</span> <span class='ocrx_word' id='word_1_203' title='bbox 556 1640 594 1677; x_wconf 89' lang='lat' dir='ltr'>S.</span> <span class='ocrx_word' id='word_1_204' title='bbox 622 1638 761 1683; x_wconf 88' lang='lat' dir='ltr'>Marci,</span> <span class='ocrx_word' id='word_1_205' title='bbox 789 1638 951 1680; x_wconf 81' lang='lat' dir='ltr'>Dresdae,</span> <span class='ocrx_word' id='word_1_206' title='bbox 982 1638 1124 1676; x_wconf 78' lang='lat' dir='ltr'>Romae.</span> <span class='ocrx_word' id='word_1_207' title='bbox 1179 1639 1243 1676; x_wconf 76' lang='lat' dir='ltr'>Ad</span> <span class='ocrx_word' id='word_1_208' title='bbox 1268 1640 1364 1677; x_wconf 85' lang='lat' dir='ltr'>idem</span> <span class='ocrx_word' id='word_1_209' title='bbox 1392 1653 1506 1691; x_wconf 89' lang='lat' dir='ltr'>genus</span> <span class='ocrx_word' id='word_1_210' title='bbox 1523 1641 1695 1692; x_wconf 87' lang='lat' dir='ltr'>equidem</span> 
     </span>
     <span class='ocr_line' id='line_1_24' title="bbox 375 1698 1693 1748; baseline 0.001 -10"><span class='ocrx_word' id='word_1_211' title='bbox 375 1700 526 1738; x_wconf 84' lang='lat' dir='ltr'>referam</span> <span class='ocrx_word' id='word_1_212' title='bbox 566 1698 894 1748; x_wconf 69' lang='lat' dir='ltr'>Hermaplitoditos</span> <span class='ocrx_word' id='word_1_213' title='bbox 929 1699 1040 1748; x_wconf 82' lang='lat' dir='ltr'>vulgo</span> <span class='ocrx_word' id='word_1_214' title='bbox 1075 1699 1204 1737; x_wconf 56' lang='lat' dir='ltr'>dictos.</span> <span class='ocrx_word' id='word_1_215' title='bbox 1259 1699 1410 1737; x_wconf 81' lang='lat' dir='ltr'>Delatus</span> <span class='ocrx_word' id='word_1_216' title='bbox 1428 1710 1548 1737; x_wconf 88' lang='lat' dir='ltr'>autem</span> <span class='ocrx_word' id='word_1_217' title='bbox 1566 1701 1616 1738; x_wconf 87' lang='lat' dir='ltr'>est</span> <span class='ocrx_word' id='word_1_218' title='bbox 1645 1702 1693 1739; x_wconf 89' lang='lat' dir='ltr'>ad</span> 
     </span>
     <span class='ocr_line' id='line_1_25' title="bbox 375 1757 1693 1810; baseline 0.002 -13"><span class='ocrx_word' id='word_1_219' title='bbox 375 1760 446 1797; x_wconf 93' lang='lat' dir='ltr'>hoc</span> <span class='ocrx_word' id='word_1_220' title='bbox 477 1759 632 1810; x_wconf 78' lang='lat' dir='ltr'>sigillum</span> <span class='ocrx_word' id='word_1_221' title='bbox 661 1758 799 1794; x_wconf 84' lang='lat' dir='ltr'>animus</span> <span class='ocrx_word' id='word_1_222' title='bbox 831 1771 892 1808; x_wconf 81' lang='lat' dir='ltr'>per</span> <span class='ocrx_word' id='word_1_223' title='bbox 919 1757 1075 1795; x_wconf 79' lang='lat' dir='ltr'>Carmen</span> <span class='ocrx_word' id='word_1_224' title='bbox 1110 1758 1220 1797; x_wconf 79' lang='lat' dir='ltr'>XIV.</span> <span class='ocrx_word' id='word_1_225' title='bbox 1261 1768 1297 1796; x_wconf 86' lang='lat' dir='ltr'>et</span> <span class='ocrx_word' id='word_1_226' title='bbox 1326 1760 1393 1798; x_wconf 92' lang='lat' dir='ltr'>ult.</span> <span class='ocrx_word' id='word_1_227' title='bbox 1421 1759 1693 1799; x_wconf 67' lang='lat' dir='ltr'>Cataleftorum</span> 
     </span>
     <span class='ocr_line' id='line_1_26' title="bbox 376 1817 1096 1870; baseline -0.003 -14"><span class='ocrx_word' id='word_1_228' title='bbox 376 1821 463 1870; x_wconf 65' lang='lat' dir='ltr'>ins</span> <span class='ocrx_word' id='word_1_229' title='bbox 475 1821 568 1863; x_wconf 75' lang='lat' dir='ltr'><em>deus,</em></span> <span class='ocrx_word' id='word_1_230' title='bbox 599 1819 745 1861; x_wconf 60' lang='lat' dir='ltr'>Offavi,</span> <span class='ocrx_word' id='word_1_231' title='bbox 772 1828 805 1854; x_wconf 71' lang='lat' dir='ltr'>te</span> <span class='ocrx_word' id='word_1_232' title='bbox 821 1818 911 1855; x_wconf 64' lang='lat' dir='ltr'>nohis</span> <span class='ocrx_word' id='word_1_233' title='bbox 929 1817 1064 1867; x_wconf 71' lang='lat' dir='ltr'>algstulit</span> <span class='ocrx_word' id='word_1_234' title='bbox 1077 1819 1096 1854; x_wconf 91' lang='lat'><em>!</em></span> 
     </span>
    </p>
   </div>
   <div class='ocr_carea' id='block_1_5' title="bbox 369 1896 1695 2194">
    <p class='ocr_par' dir='ltr' id='par_1_5' title="bbox 369 1896 1695 2194">
     <span class='ocr_line' id='line_1_27' title="bbox 428 1896 1693 1949; baseline 0.002 -15"><span class='ocrx_word' id='word_1_235' title='bbox 428 1896 523 1935; x_wconf 90' lang='lat' dir='ltr'>XII.</span> <span class='ocrx_word' id='word_1_236' title='bbox 556 1911 593 1947; x_wconf 86' lang='lat' dir='ltr'>p.</span> <span class='ocrx_word' id='word_1_237' title='bbox 634 1910 710 1945; x_wconf 84' lang='lat'>204</span> <span class='ocrx_word' id='word_1_238' title='bbox 749 1898 799 1934; x_wconf 78' lang='lat' dir='ltr'>ad</span> <span class='ocrx_word' id='word_1_239' title='bbox 826 1897 896 1945; x_wconf 85' lang='lat' dir='ltr'>fin.</span> <span class='ocrx_word' id='word_1_240' title='bbox 926 1896 1193 1935; x_wconf 57' lang='lat' dir='ltr'>Catalefflorum.</span> <span class='ocrx_word' id='word_1_241' title='bbox 1223 1898 1379 1948; x_wconf 85' lang='lat' dir='ltr'>Augusti</span> <span class='ocrx_word' id='word_1_242' title='bbox 1399 1898 1538 1949; x_wconf 87' lang='lat' dir='ltr'>fignum</span> <span class='ocrx_word' id='word_1_243' title='bbox 1559 1897 1693 1937; x_wconf 82' lang='lat' dir='ltr'>sacrifi-</span> 
     </span>
     <span class='ocr_line' id='line_1_28' title="bbox 372 1956 1695 2008; baseline 0.002 -11"><span class='ocrx_word' id='word_1_244' title='bbox 372 1957 490 1997; x_wconf 88' lang='lat' dir='ltr'>cantis</span> <span class='ocrx_word' id='word_1_245' title='bbox 513 1956 638 1995; x_wconf 87' lang='lat' dir='ltr'>habitu</span> <span class='ocrx_word' id='word_1_246' title='bbox 655 1970 674 1993; x_wconf 87' lang='lat' dir='ltr'>e</span> <span class='ocrx_word' id='word_1_247' title='bbox 701 1956 816 2008; x_wconf 65' lang='lat' dir='ltr'>Maſso</span> <span class='ocrx_word' id='word_1_248' title='bbox 833 1958 879 1994; x_wconf 83' lang='lat' dir='ltr'>Pi</span> <span class='ocrx_word' id='word_1_249' title='bbox 896 1956 1117 1995; x_wconf 70' lang='lat' dir='ltr'>-Clementino</span> <span class='ocrx_word' id='word_1_250' title='bbox 1135 1957 1195 1995; x_wconf 77' lang='lat' dir='ltr'>To.</span> <span class='ocrx_word' id='word_1_251' title='bbox 1224 1959 1282 1996; x_wconf 87' lang='lat' dir='ltr'>II.</span> <span class='ocrx_word' id='word_1_252' title='bbox 1311 1958 1382 1997; x_wconf 82' lang='lat' dir='ltr'>tab.</span> <span class='ocrx_word' id='word_1_253' title='bbox 1409 1961 1473 2008; x_wconf 81' lang='lat'>46.</span> <span class='ocrx_word' id='word_1_254' title='bbox 1528 1959 1695 1999; x_wconf 83' lang='lat' dir='ltr'>Ornabat</span> 
     </span>
     <span class='ocr_line' id='line_1_29' title="bbox 371 2015 1691 2071; baseline 0.001 -15"><span class='ocrx_word' id='word_1_255' title='bbox 371 2018 461 2056; x_wconf 89' lang='lat' dir='ltr'>olim</span> <span class='ocrx_word' id='word_1_256' title='bbox 479 2017 661 2055; x_wconf 73' lang='lat' dir='ltr'>basilicam</span> <span class='ocrx_word' id='word_1_257' title='bbox 680 2016 833 2053; x_wconf 82' lang='lat' dir='ltr'>coloniae</span> <span class='ocrx_word' id='word_1_258' title='bbox 848 2015 1078 2053; x_wconf 82' lang='lat' dir='ltr'>Ocriculanae</span> <span class='ocrx_word' id='word_1_259' title='bbox 1095 2016 1132 2053; x_wconf 93' lang='lat' dir='ltr'>in</span> <span class='ocrx_word' id='word_1_260' title='bbox 1150 2017 1322 2062; x_wconf 77' lang='lat' dir='ltr'>Umbria,</span> <span class='ocrx_word' id='word_1_261' title='bbox 1352 2019 1446 2055; x_wconf 88' lang='lat' dir='ltr'>unde</span> <span class='ocrx_word' id='word_1_262' title='bbox 1477 2032 1590 2071; x_wconf 89' lang='lat' dir='ltr'>nuper</span> <span class='ocrx_word' id='word_1_263' title='bbox 1607 2031 1691 2056; x_wconf 91' lang='lat' dir='ltr'>cum</span> 
     </span>
     <span class='ocr_line' id='line_1_30' title="bbox 371 2076 1692 2129; baseline -0.002 -11"><span class='ocrx_word' id='word_1_264' title='bbox 371 2080 467 2123; x_wconf 86' lang='lat' dir='ltr'>aliis,</span> <span class='ocrx_word' id='word_1_265' title='bbox 486 2091 597 2129; x_wconf 77' lang='lat' dir='ltr'>quaee</span> <span class='ocrx_word' id='word_1_266' title='bbox 615 2076 728 2115; x_wconf 84' lang='lat' dir='ltr'>ruinis</span> <span class='ocrx_word' id='word_1_267' title='bbox 742 2087 842 2114; x_wconf 86' lang='lat' dir='ltr'>eruta</span> <span class='ocrx_word' id='word_1_268' title='bbox 857 2077 1018 2120; x_wconf 84' lang='lat' dir='ltr'>suerunt,</span> <span class='ocrx_word' id='word_1_269' title='bbox 1039 2078 1196 2114; x_wconf 86' lang='lat' dir='ltr'>Romam</span> <span class='ocrx_word' id='word_1_270' title='bbox 1216 2077 1446 2128; x_wconf 84' lang='lat' dir='ltr'>deportatum</span> <span class='ocrx_word' id='word_1_271' title='bbox 1465 2079 1526 2117; x_wconf 91' lang='lat' dir='ltr'>est.</span> <span class='ocrx_word' id='word_1_272' title='bbox 1581 2078 1692 2116; x_wconf 80' lang='lat' dir='ltr'>Dele-</span> 
     </span>
     <span class='ocr_line' id='line_1_31' title="bbox 369 2137 1692 2194; baseline 0.001 -17"><span class='ocrx_word' id='word_1_273' title='bbox 369 2141 490 2194; x_wconf 89' lang='lat' dir='ltr'>gimus</span> <span class='ocrx_word' id='word_1_274' title='bbox 506 2149 625 2176; x_wconf 88' lang='lat' dir='ltr'>autem</span> <span class='ocrx_word' id='word_1_275' title='bbox 639 2139 709 2176; x_wconf 90' lang='lat' dir='ltr'>hoc</span> <span class='ocrx_word' id='word_1_276' title='bbox 728 2137 822 2175; x_wconf 86' lang='lat' dir='ltr'>inter</span> <span class='ocrx_word' id='word_1_277' title='bbox 839 2138 910 2176; x_wconf 83' lang='lat' dir='ltr'>alia</span> <span class='ocrx_word' id='word_1_278' title='bbox 930 2138 1084 2190; x_wconf 88' lang='lat' dir='ltr'>Augusti</span> <span class='ocrx_word' id='word_1_279' title='bbox 1102 2139 1200 2191; x_wconf 80' lang='lat' dir='ltr'>figna</span> <span class='ocrx_word' id='word_1_280' title='bbox 1219 2148 1389 2189; x_wconf 84' lang='lat' dir='ltr'>tanquam</span> <span class='ocrx_word' id='word_1_281' title='bbox 1409 2140 1529 2177; x_wconf 89' lang='lat' dir='ltr'>minus</span> <span class='ocrx_word' id='word_1_282' title='bbox 1547 2148 1692 2184; x_wconf 82' lang='lat' dir='ltr'>notum.</span> 
     </span>
    </p>
   </div>
   <div class='ocr_carea' id='block_1_6' title="bbox 422 2223 1689 2278">
    <p class='ocr_par' dir='ltr' id='par_1_6' title="bbox 422 2223 1689 2278">
     <span class='ocr_line' id='line_1_32' title="bbox 422 2223 1689 2278; baseline -0.002 -14"><span class='ocrx_word' id='word_1_283' title='bbox 422 2227 537 2266; x_wconf 91' lang='lat' dir='ltr'>XIII.</span> <span class='ocrx_word' id='word_1_284' title='bbox 581 2241 619 2278; x_wconf 90' lang='lat' dir='ltr'>p.</span> <span class='ocrx_word' id='word_1_285' title='bbox 663 2239 729 2263; x_wconf 89' lang='lat'>211</span> <span class='ocrx_word' id='word_1_286' title='bbox 781 2231 816 2262; x_wconf 82' lang='lat' dir='ltr'>in</span> <span class='ocrx_word' id='word_1_287' title='bbox 859 2229 978 2276; x_wconf 78' lang='lat' dir='ltr'>fronte</span> <span class='ocrx_word' id='word_1_288' title='bbox 1022 2224 1137 2274; x_wconf 81' lang='lat' dir='ltr'>Copae.</span> <span class='ocrx_word' id='word_1_289' title='bbox 1211 2223 1399 2263; x_wconf 87' lang='lat' dir='ltr'>Carminis</span> <span class='ocrx_word' id='word_1_290' title='bbox 1432 2223 1543 2277; x_wconf 84' lang='lat' dir='ltr'>primi</span> <span class='ocrx_word' id='word_1_291' title='bbox 1571 2223 1689 2262; x_wconf 84' lang='lat' dir='ltr'>versus</span> 
     </span>
    </p>
   </div>
   <div class='ocr_carea' id='block_1_7' title="bbox 366 2289 1688 2647">
    <p class='ocr_par' dir='ltr' id='par_1_7' title="bbox 366 2289 1688 2647">
     <span class='ocr_line' id='line_1_33' title="bbox 367 2289 473 2327; baseline -0.019 0"><span class='ocrx_word' id='word_1_292' title='bbox 367 2289 473 2327; x_wconf 83' lang='lat' dir='ltr'>sunt:</span> 
     </span>
     <span class='ocr_line' id='line_1_34' title="bbox 586 2342 1426 2397; baseline -0.004 -15"><span class='ocrx_word' id='word_1_293' title='bbox 586 2347 679 2396; x_wconf 83' lang='lat' dir='ltr'>Copa</span> <span class='ocrx_word' id='word_1_294' title='bbox 698 2347 844 2397; x_wconf 68' lang='lat' dir='ltr'>Syrfia‚</span> <span class='ocrx_word' id='word_1_295' title='bbox 861 2355 959 2396; x_wconf 76' lang='lat' dir='ltr'>caput</span> <span class='ocrx_word' id='word_1_296' title='bbox 979 2347 1092 2383; x_wconf 80' lang='lat' dir='ltr'>Graia</span> <span class='ocrx_word' id='word_1_297' title='bbox 1111 2345 1265 2383; x_wconf 81' lang='lat' dir='ltr'>redimita</span> <span class='ocrx_word' id='word_1_298' title='bbox 1285 2342 1426 2388; x_wconf 73' lang='lat' dir='ltr'>mitella,</span> 
     </span>
     <span class='ocr_line' id='line_1_35' title="bbox 653 2403 1413 2455; baseline -0.005 -13"><span class='ocrx_word' id='word_1_299' title='bbox 653 2406 807 2455; x_wconf 74' lang='lat' dir='ltr'>Crispum</span> <span class='ocrx_word' id='word_1_300' title='bbox 818 2406 887 2454; x_wconf 59' lang='grc' dir='ltr'>βψ</span> <span class='ocrx_word' id='word_1_301' title='bbox 914 2405 1034 2443; x_wconf 77' lang='lat' dir='ltr'>crotalo</span> <span class='ocrx_word' id='word_1_302' title='bbox 1051 2407 1145 2441; x_wconf 68' lang='lat' dir='ltr'>doHa</span> <span class='ocrx_word' id='word_1_303' title='bbox 1160 2420 1293 2441; x_wconf 79' lang='lat' dir='ltr'>movere</span> <span class='ocrx_word' id='word_1_304' title='bbox 1310 2403 1413 2440; x_wconf 75' lang='lat' dir='ltr'>latus.</span> 
     </span>
     <span class='ocr_line' id='line_1_36' title="bbox 366 2469 1688 2523; baseline -0.002 -9"><span class='ocrx_word' id='word_1_305' title='bbox 366 2475 441 2515; x_wconf 92' lang='lat' dir='ltr'>Cui</span> <span class='ocrx_word' id='word_1_306' title='bbox 458 2487 531 2512; x_wconf 91' lang='lat' dir='ltr'>non</span> <span class='ocrx_word' id='word_1_307' title='bbox 550 2472 665 2510; x_wconf 82' lang='lat' dir='ltr'>statim</span> <span class='ocrx_word' id='word_1_308' title='bbox 680 2472 717 2508; x_wconf 88' lang='lat' dir='ltr'>in</span> <span class='ocrx_word' id='word_1_309' title='bbox 736 2472 897 2509; x_wconf 85' lang='lat' dir='ltr'>animum</span> <span class='ocrx_word' id='word_1_310' title='bbox 920 2473 946 2509; x_wconf 91' lang='lat' dir='ltr'>ii</span> <span class='ocrx_word' id='word_1_311' title='bbox 964 2482 1132 2510; x_wconf 74' lang='lat' dir='ltr'>revocent</span> <span class='ocrx_word' id='word_1_312' title='bbox 1149 2472 1281 2523; x_wconf 87' lang='lat' dir='ltr'>puellas</span> <span class='ocrx_word' id='word_1_313' title='bbox 1299 2470 1464 2506; x_wconf 86' lang='lat' dir='ltr'>saltantes</span> <span class='ocrx_word' id='word_1_314' title='bbox 1479 2469 1517 2508; x_wconf 89' lang='lat' dir='ltr'>in</span> <span class='ocrx_word' id='word_1_315' title='bbox 1533 2471 1688 2511; x_wconf 58' lang='lat' dir='ltr'>Picturis</span> 
     </span>
     <span class='ocr_line' id='line_1_37' title="bbox 368 2530 1685 2582; baseline -0.003 -9"><span class='ocrx_word' id='word_1_316' title='bbox 368 2531 726 2573; x_wconf 87' lang='lat' dir='ltr'>Herculanenfibus?</span> <span class='ocrx_word' id='word_1_317' title='bbox 771 2531 1017 2582; x_wconf 85' lang='lat' dir='ltr'>Apposuimus</span> <span class='ocrx_word' id='word_1_318' title='bbox 1046 2532 1135 2569; x_wconf 80' lang='lat' dir='ltr'>duas</span> <span class='ocrx_word' id='word_1_319' title='bbox 1165 2544 1210 2569; x_wconf 91' lang='lat' dir='ltr'>ex</span> <span class='ocrx_word' id='word_1_320' title='bbox 1241 2530 1330 2574; x_wconf 89' lang='lat' dir='ltr'>illis,</span> <span class='ocrx_word' id='word_1_321' title='bbox 1370 2530 1518 2567; x_wconf 87' lang='lat' dir='ltr'>alteram</span> <span class='ocrx_word' id='word_1_322' title='bbox 1548 2533 1685 2570; x_wconf 86' lang='lat' dir='ltr'>crotala</span> 
     </span>
     <span class='ocr_line' id='line_1_38' title="bbox 366 2587 1683 2647; baseline -0.004 -14"><span class='ocrx_word' id='word_1_323' title='bbox 366 2594 585 2647; x_wconf 79' lang='lat' dir='ltr'>pulsantem,</span> <span class='ocrx_word' id='word_1_324' title='bbox 629 2600 843 2642; x_wconf 81' lang='lat' dir='ltr'>tympanum</span> <span class='ocrx_word' id='word_1_325' title='bbox 890 2592 1036 2630; x_wconf 84' lang='lat' dir='ltr'>alteram</span> <span class='ocrx_word' id='word_1_326' title='bbox 1056 2606 1064 2629; x_wconf 92' lang='lat'>:</span> <span class='ocrx_word' id='word_1_327' title='bbox 1112 2593 1200 2630; x_wconf 83' lang='lat' dir='ltr'>Pitt.</span> <span class='ocrx_word' id='word_1_328' title='bbox 1234 2593 1273 2628; x_wconf 75' lang='lat' dir='ltr'>d&#39;</span> <span class='ocrx_word' id='word_1_329' title='bbox 1294 2588 1404 2628; x_wconf 80' lang='lat' dir='ltr'>Ercol.</span> <span class='ocrx_word' id='word_1_330' title='bbox 1449 2587 1494 2628; x_wconf 78' lang='lat' dir='ltr'>T.</span> <span class='ocrx_word' id='word_1_331' title='bbox 1526 2590 1562 2628; x_wconf 87' lang='lat' dir='ltr'>I.</span> <span class='ocrx_word' id='word_1_332' title='bbox 1597 2603 1683 2643; x_wconf 76' lang='lat' dir='ltr'>pag.</span> 
     </span>
    </p>
   </div>
   <div class='ocr_carea' id='block_1_8' title="bbox 369 2665 1685 2788">
    <p class='ocr_par' dir='ltr' id='par_1_8' title="bbox 369 2665 1685 2788">
     <span class='ocr_line' id='line_1_39' title="bbox 369 2665 617 2708; baseline -0.024 -13"><span class='ocrx_word' id='word_1_333' title='bbox 369 2670 440 2708; x_wconf 88' lang='lat'>109</span> <span class='ocrx_word' id='word_1_334' title='bbox 468 2666 499 2692; x_wconf 84' lang='lat' dir='ltr'>et</span> <span class='ocrx_word' id='word_1_335' title='bbox 531 2665 617 2703; x_wconf 81' lang='lat'>1¹5·</span> 
     </span>
     <span class='ocr_line' id='line_1_40' title="bbox 416 2732 1685 2788; baseline -0.007 -12"><span class='ocrx_word' id='word_1_336' title='bbox 416 2738 529 2776; x_wconf 87' lang='lat' dir='ltr'>XIV.</span> <span class='ocrx_word' id='word_1_337' title='bbox 565 2751 600 2788; x_wconf 87' lang='lat' dir='ltr'>p.</span> <span class='ocrx_word' id='word_1_338' title='bbox 632 2749 702 2774; x_wconf 84' lang='lat'>222</span> <span class='ocrx_word' id='word_1_339' title='bbox 733 2738 783 2773; x_wconf 79' lang='lat' dir='ltr'>ad</span> <span class='ocrx_word' id='word_1_340' title='bbox 794 2738 864 2785; x_wconf 86' lang='lat' dir='ltr'>fin.</span> <span class='ocrx_word' id='word_1_341' title='bbox 895 2739 1057 2774; x_wconf 70' lang='lat' dir='ltr'>Pmoemii</span> <span class='ocrx_word' id='word_1_342' title='bbox 1082 2742 1116 2773; x_wconf 75' lang='lat' dir='ltr'>in</span> <span class='ocrx_word' id='word_1_343' title='bbox 1145 2735 1324 2773; x_wconf 64' lang='lat' dir='ltr'>lllorelum.</span> <span class='ocrx_word' id='word_1_344' title='bbox 1381 2732 1440 2771; x_wconf 83' lang='lat' dir='ltr'>De</span> <span class='ocrx_word' id='word_1_345' title='bbox 1472 2732 1578 2770; x_wconf 81' lang='lat' dir='ltr'>Mola</span> <span class='ocrx_word' id='word_1_346' title='bbox 1607 2740 1685 2769; x_wconf 81' lang='lat' dir='ltr'>tru-</span> 
     </span>
    </p>
   </div>
   <div class='ocr_carea' id='block_1_9' title="bbox 362 2791 1683 2841">
    <p class='ocr_par' dir='ltr' id='par_1_9' title="bbox 362 2791 1683 2841">
     <span class='ocr_line' id='line_1_41' title="bbox 362 2791 1683 2841; baseline -0.007 -4"><span class='ocrx_word' id='word_1_347' title='bbox 362 2800 459 2838; x_wconf 84' lang='lat' dir='ltr'>satili</span> <span class='ocrx_word' id='word_1_348' title='bbox 479 2800 538 2836; x_wconf 90' lang='lat' dir='ltr'>seu</span> <span class='ocrx_word' id='word_1_349' title='bbox 566 2796 749 2835; x_wconf 77' lang='lat' dir='ltr'>manuaria</span> <span class='ocrx_word' id='word_1_350' title='bbox 767 2797 866 2834; x_wconf 87' lang='lat' dir='ltr'>locus</span> <span class='ocrx_word' id='word_1_351' title='bbox 884 2798 931 2833; x_wconf 82' lang='lat' dir='ltr'>est</span> <span class='ocrx_word' id='word_1_352' title='bbox 955 2796 1113 2833; x_wconf 78' lang='lat' dir='ltr'>clafficus</span> <span class='ocrx_word' id='word_1_353' title='bbox 1133 2794 1170 2831; x_wconf 88' lang='lat' dir='ltr'>in</span> <span class='ocrx_word' id='word_1_354' title='bbox 1190 2795 1260 2832; x_wconf 89' lang='lat' dir='ltr'>hoc</span> <span class='ocrx_word' id='word_1_355' title='bbox 1288 2791 1448 2830; x_wconf 84' lang='lat' dir='ltr'>carmine</span> <span class='ocrx_word' id='word_1_356' title='bbox 1482 2805 1517 2829; x_wconf 81' lang='lat' dir='ltr'>v.</span> <span class='ocrx_word' id='word_1_357' title='bbox 1537 2805 1582 2840; x_wconf 86' lang='lat'>23</span> <span class='ocrx_word' id='word_1_358' title='bbox 1603 2791 1683 2841; x_wconf 81' lang='lat' dir='ltr'>sqq.</span> 
     </span>
    </p>
   </div>
   <div class='ocr_carea' id='block_1_10' title="bbox 363 2851 1685 2950">
    <p class='ocr_par' dir='ltr' id='par_1_10' title="bbox 363 2851 1685 2950">
     <span class='ocr_line' id='line_1_42' title="bbox 363 2851 1683 2950; baseline -0.007 -52"><span class='ocrx_word' id='word_1_359' title='bbox 363 2862 456 2912; x_wconf 70' lang='lat' dir='ltr'>Qae</span> <span class='ocrx_word' id='word_1_360' title='bbox 474 2859 534 2897; x_wconf 85' lang='lat' dir='ltr'>hic</span> <span class='ocrx_word' id='word_1_361' title='bbox 552 2856 782 2901; x_wconf 74' lang='lat' dir='ltr'>exhibentur,</span> <span class='ocrx_word' id='word_1_362' title='bbox 814 2857 918 2895; x_wconf 67' lang='lat' dir='ltr'>mola:</span> <span class='ocrx_word' id='word_1_363' title='bbox 946 2858 1021 2909; x_wconf 77' lang='lat' dir='ltr'>ejus</span> <span class='ocrx_word' id='word_1_364' title='bbox 1047 2855 1188 2907; x_wconf 82' lang='lat' dir='ltr'>generis</span> <span class='ocrx_word' id='word_1_365' title='bbox 1214 2856 1309 2900; x_wconf 79' lang='lat' dir='ltr'>duae,</span> <span class='ocrx_word' id='word_1_366' title='bbox 1346 2853 1455 2893; x_wconf 78' lang='lat' dir='ltr'>altera</span> <span class='ocrx_word' id='word_1_367' title='bbox 1473 2851 1683 2950; x_wconf 63' lang='lat' dir='ltr'>ffrangcntlis</span> 
     </span>
     <span class='ocr_line' id='line_1_43' title="bbox 1497 2921 1685 2950; baseline 0.005 -1"><span class='ocrx_word' id='word_1_368' title='bbox 1497 2921 1685 2950; x_wconf 69' lang='lat' dir='ltr'>tumentis,</span> 
     </span>
    </p>
   </div>
  </div>
 </body>
</html>
