1835 3396
397 244 458 311 96
775 240 1339 292 PROOEMIUM

396 390 495 424 tare
543 377 764 440 potuerit.
844 377 989 433 Nam,
1034 376 1163 439 quod
1211 375 1407 422 Gallum
1451 374 1708 438 Epicurea:

395 461 716 524 philosophiae
761 477 953 522 operam
1010 459 1185 506 dediffe
1241 474 1366 504 nunc
1421 458 1715 521 ignoramus„

395 545 568 591 morari
611 543 761 607 potest
800 544 1056 600 nerninem,
1103 542 1221 603 quin
1261 540 1529 588 assentiatur
1575 541 1708 588 Prae-

396 629 482 675 suli
530 628 817 692 digniffimo.
895 626 1110 689 Superest
1161 625 1322 688 igitur,
1361 637 1414 671 ut
1452 625 1606 671 versus
1645 625 1708 671 il-

394 714 465 761 los
530 713 698 760 seriore
746 721 885 759 aetate
930 710 989 756 ab
1044 709 1399 771 interpolatrice
1457 725 1601 756 manu
1655 709 1708 755 in

393 795 497 841 loca
534 794 613 840 illa
642 792 809 840 inserta
847 790 935 838 effe
970 790 1212 844 dicamus;
1247 789 1374 852 quod
1399 804 1484 836 nec
1521 790 1709 852 impro-

392 876 552 923 babile
570 877 640 922 fit.

459 959 558 1023 Qi
588 960 796 1005 Catullum
823 975 910 1020 pro
936 956 1126 1003 auclore
1150 956 1372 1003 carminis
1409 958 1611 1006 habuere
1635 961 1708 1022 (in

393 1041 563 1104 quibus
582 1040 782 1103 Eglinus
806 1039 909 1094 fuit,
942 1035 1075 1100 cujus
1095 1037 1298 1084 Vindicz‘ae
1320 1038 1432 1085 Ciris
1457 1041 1708 1089 Catullianae

392 1123 540 1180 sunt),
584 1120 972 1184 quandoquidem
1010 1136 1122 1166 cum
1140 1120 1467 1182 Epithalamio
1489 1123 1706 1171 Thetidis

394 1218 442 1251 et
470 1205 598 1251 Pelei
618 1204 840 1250 nonnulla
877 1203 1007 1265 posse
1041 1203 1305 1265 comparari
1343 1205 1580 1262 videbant,
1613 1223 1709 1253 non

392 1287 840 1343 animadverterunt,
877 1285 1106 1343 Meffalae‚
1139 1287 1216 1333 cui
1231 1286 1454 1350 inscripta
1478 1289 1543 1334 est
1569 1288 1708 1347 Ciris,

395 1380 533 1415 aetate
557 1368 601 1414 se
619 1368 797 1415 refelli:
846 1383 956 1413 nam
994 1367 1032 1414 is
1056 1384 1230 1430 paucos
1255 1382 1362 1416 ante
1394 1370 1570 1417 Catulli
1600 1371 1707 1418 obi-

392 1463 497 1498 tum
521 1467 667 1497 annos
689 1462 824 1496 natus
846 1449 924 1496 est.
996 1449 1086 1496 Sed
1106 1462 1151 1496 et
1169 1450 1271 1497 haec
1294 1462 1511 1498 accurate
1533 1452 1706 1499 trad'ca-

392 1533 461 1578 v'it
487 1532 771 1579 Fontaninus
789 1531 820 1577 l.
837 1548 878 1578 c.
905 1548 1011 1595 pag.
1031 1546 1108 1593 33.
1136 1532 1213 1592 36.
1287 1532 1400 1597 Qo
1421 1544 1705 1596 argumento

396 1616 608 1661 Valerium
636 1614 824 1660 Catonem
851 1614 972 1660 Ciris
1009 1614 1247 1660 audiorem
1283 1614 1482 1662 ediderit
1517 1608 1708 1663 Delrius

393 1697 442 1742 in
462 1697 735 1742 Comment.
760 1696 818 1741 ad
844 1696 1085 1751 Senecam,
1123 1711 1178 1741 ex
1203 1693 1301 1757 ejus
1324 1696 1476 1742 verbis
1502 1697 1707 1760 intelligi

395 1778 575 1841 nequit.
649 1777 791 1842 Qod
811 1778 843 1823 fi
863 1790 1023 1824 tamen
1047 1777 1305 1840 Virgilium
1325 1778 1564 1825 aucstorem
1583 1778 1708 1824 Ciris

395 1860 620 1923 adoptare
643 1877 754 1906 cum
777 1861 1016 1924 Scaligero
1041 1873 1086 1907 et
1103 1861 1205 1906 aliis
1226 1863 1248 1888 *
1265 1861 1400 1907 malit
1413 1861 1597 1924 aliquiS,
1612 1878 1709 1910 non

394 1959 555 1991 tamen
593 1961 705 1991 cum
747 1946 915 1991 eodem
945 1945 1181 2009 Scaligero
1216 1945 1603 1992 comminiscetur
1637 1958 1711 1993 tot

392 2027 497 2083 alia,
530 2044 639 2090 quae
655 2027 934 2090 probatione
956 2028 1123 2075 idonea
1151 2028 1493 2074 destituuntur:
1545 2027 1708 2089 paullo

392 2121 500 2155 ante
521 2121 727 2156 mortem
752 2111 896 2167 suam,
931 2122 978 2157 et
998 2111 1197 2157 Athenis
1223 2122 1301 2156 aut
1325 2109 1443 2156 adeo
1477 2109 1709 2173 Megaris,

395 2191 656 2253 Virgilium
682 2193 770 2238 hoc
795 2208 984 2239 carmen
1008 2191 1346 2255 composuisse:
1383 2190 1462 2237 etfi
1480 2191 1585 2255 jam
1603 2203 1709 2238 tum

394 2292 506 2323 cum
526 2276 656 2322 Cirin
677 2276 913 2333 scriberet,
926 2277 1085 2322 audior
1108 2275 1331 2322 carminis
1355 2274 1582 2321 nonnulla
1603 2292 1708 2323 car-

393 2354 525 2408 mine
548 2357 592 2403 se
616 2357 836 2415 tradlaffe,
862 2370 922 2415 et,
947 2374 1059 2405 cuni
1085 2357 1226 2404 famae
1248 2357 1519 2420 poeniteret,
1543 2357 1599 2404 iis
1621 2359 1708 2406 de-

1542 2442 1706 2505 positis

444 2575 466 2596 ὕ
496 2574 626 2625 Nuper
642 2589 785 2627 quoque
803 2576 1016 2627 J0.Sch1-a-
1080 2578 1184 2614 dofle
1197 2576 1361 2614 adversus
1380 2575 1480 2613 Galli
1495 2588 1625 2613 nomen
1637 2574 1708 2613 dis-

393 2628 498 2664 dcrus
531 2627 722 2666 Emendat.
754 2643 786 2666 c.
810 2643 828 2677 3
863 2643 945 2679 pag.
969 2642 1010 2677 31
1079 2639 1179 2678 putat
1198 2643 1232 2679 p.
1255 2633 1320 2678 48,
1339 2640 1373 2665 et
1391 2627 1560 2665 adversus
1579 2628 1709 2664 Catul-

395 2679 922 2730 Virgiliocirinvindic21x-it3
951 2693 1014 2718 nec
1080 2683 1153 2716 lum
1183 2681 1360 2717 auc‘ioreiu
1389 2693 1423 2729 p.
1456 2680 1521 2727 46,
1549 2679 1709 2730 Scalige-

393 2744 509 2770 tamen
540 2731 569 2767 is
599 2732 820 2780 argumentis
837 2732 1017 2782 graviori·
1082 2745 1159 2770 rum
1180 2742 1299 2770 autem
1319 2729 1451 2771 refellit
1471 2744 1507 2781 p.
1527 2744 1590 2781 41.

389 2785 472 2833 hus,
487 2797 594 2833 quam
608 2783 686 2828 alii,
704 2783 877 2823 suffultus.
914 2783 1015 2822 Idem
