1835 3396
585 192 905 242 CIRIS.
1317 216 1407 267 171

91 326 186 376 Vix
204 328 356 376 fuerat
377 326 566 392 placida
588 326 807 390 Neptuni
820 326 1025 393 conjuge
1040 328 1263 393 dignum.

92 422 354 485 Nunquam
379 422 510 468 illam
527 421 722 485 posthac
745 422 874 469 oculi
899 422 1059 469 videre
1079 423 1271 471 suorum
1318 436 1411 486 510

90 512 354 578 Purpureas
377 515 499 563 flavo
520 514 806 562 retinentem
830 515 1008 562 vertice
1030 515 1171 562 vittas
1191 537 1205 569 ;

90 603 204 654 Non
226 607 460 654 thalamus
483 605 633 669 Tyrio
657 606 868 670 fragrans
891 607 1084 670 adcepit
1108 623 1320 665 amomo,

91 697 258 745 Nullae
279 697 414 746 illam
438 697 581 747 sedes.
650 698 784 763 Qid
800 697 903 763 jam
929 715 1041 746 cum
1064 697 1250 745 sedibus
1275 697 1378 746 illi?

91 788 217 853 Qae
239 787 378 835 fimul
400 801 452 835 ut
477 788 566 836 sese
589 804 709 836 cano
730 789 789 835 de
811 790 1003 853 gurgite
1026 789 1166 836 velox

94 876 221 926 Cum
239 878 395 926 sonitu
411 880 470 925 ad
486 880 668 925 coelum
685 879 990 926 stridentibus
1006 879 1178 926 extulit
1192 879 1295 938 alis,
1320 894 1373 943 51
1384 893 1410 944 5

92 970 160 1017 Et
183 971 392 1017 multum
415 967 509 1014 late
522 967 739 1030 dispersit
755 969 804 1013 in
823 981 1015 1029 aequore
1029 983 1187 1016 rorem
1201 991 1217 1023 ;

93 1059 269 1107 Infelix
293 1058 432 1121 virgo
453 1056 776 1120 nequidquam
799 1073 826 1103 a
850 1067 1005 1103 morte
1028 1069 1220 1121 recepta

93 1151 339 1201 Incultum
358 1150 464 1197 solis
484 1149 531 1195 in
555 1149 754 1212 rupibus
779 1149 933 1212 exigit
955 1164 1119 1196 aevum

93 1244 331 1309 Rupibus,
365 1254 413 1294 et
435 1242 656 1305 scopulis,
691 1253 737 1288 et
756 1240 973 1288 litoribus
998 1240 1208 1292 desertis.

95 1408 215 1442 iterum
245 1421 284 1442 ex
313 1420 387 1443 meo
410 1409 530 1452 judicio
552 1407 629 1440 mali
653 1406 875 1439 versificatoris
890 1407 963 1440 sunt
981 1408 1013 1440 in
1030 1411 1178 1452 margine
1193 1410 1326 1453 alicujus
1341 1407 1417 1441 libri

96 1461 244 1503 adscripti
261 1470 292 1493 et
307 1471 475 1504 perperam
491 1460 623 1502 recepti.
645 1460 784 1490 Tulcrat
801 1460 931 1501 quidem
949 1461 1149 1503 Amphitrite
1163 1473 1260 1504 opem
1277 1462 1391 1505 puella:
1404 1472 1416 1495 ε

96 1511 150 1544 scd
166 1512 217 1543 vix
234 1513 370 1554 dignum
385 1511 456 1550 dea,
477 1519 511 1542 ut
526 1511 555 1542 ci
571 1511 766 1542 succurreret
778 1510 839 1541 hoc
856 1511 950 1552 pat-“to
964 1524 972 1549 ;
996 1522 1058 1543 non
1078 1513 1163 1544 enim
1175 1513 1314 1556 puellam
1330 1513 1419 1555 post-

95 1563 157 1594 hac
172 1563 344 1605 propinqui
357 1572 491 1605 nuptam
503 1564 574 1594 viro
589 1563 751 1595 viderunt.
800 1564 963 1593 Sententia
980 1563 1111 1595 insititia
1125 1572 1157 1595 et
1183 1565 1323 1607 puerilis,
1344 1575 1417 1595 vcr-

96 1613 137 1645 ba
153 1614 272 1655 partim
283 1625 320 1645 ex
336 1613 433 1644 trivio
448 1621 479 1644 et
494 1625 610 1656 parum
624 1613 767 1656 propria.
812 1615 893 1644 Suus
918 1614 1067 1656 cujusque
1094 1615 1199 1646 sensus
1223 1626 1303 1654 rem,
1325 1624 1420 1658 puto,

95 1664 243 1696 declarat.
334 1666 513 1706 511.fi1lvo
537 1668 617 1697 Ven.
646 1665 741 1703 1484,
762 1666 851 1707 Junt.
879 1666 1005 1697 Ascens.
1049 1670 1204 1699 retinentem
1228 1668 1321 1699 facile
1348 1676 1418 1700 erat

96 1724 171 1745 cum
187 1716 319 1746 meliore
335 1723 531 1757 permutare.
578 1717 639 1747 Sed
656 1717 864 1748 adumbravit
882 1718 919 1755 is,
940 1718 995 1759 qui
1016 1717 1188 1760 adscripsit,
1213 1720 1415 1752 vei-fumea-

97 1767 173 1799 tulli
189 1770 309 1806 LXIII,
331 1769 371 1809 63
392 1769 533 1800 Ariadne
559 1769 723 1800 Theseum
740 1769 920 1811 fugientem
938 1769 1102 1812 prospicit,
1123 1772 1286 1814 Ncmflavo
1301 1775 1418 1803 retinens

87 1819 216 1860 siebtilem
231 1823 334 1851 vertice
346 1823 468 1851 mitram.
515 1822 560 1852 At
583 1821 626 1851 ibi
644 1821 736 1852 :iliter
752 1832 802 1851 res
817 1821 846 1852 se
866 1821 1142 1861 habet.----512.
1169 1823 1249 1854 Haec
1261 1825 1328 1865 jum
1346 1835 1418 1866 per-

98 1870 247 1912 sequutus
257 1878 324 1902 erat
340 1870 406 1914 sup.
425 1871 469 1902 vs.
485 1871 560 1910 438.
607 1873 670 1902 Pro
685 1872 785 1914 Tyrio,
808 1873 891 1913 Syrio
905 1872 1055 1910 arbitror,
1076 1883 1114 1904 ex
1139 1878 1199 1915 poc
1207 1882 1311 1905 tarum
1327 1886 1420 1908 more.

97 1922 199 1955 fuiffe.
289 1931 365 1962 513.
392 1923 488 1953 Nulla
503 1925 579 1952 illam
583 1924 659 1962 fides
676 1923 727 1954 ed.
744 1922 857 1964 Scalig.
904 1923 987 1953 Nlox
999 1925 1084 1966 Qid
1091 1926 1347 1966 cnimjamstdshus
1361 1928 1420 1958 illis

97 1975 278 2006 communis
292 1975 379 2012 edd„
400 1974 496 2005 etiam
514 1975 720 2012 Aldinarurn,
742 1974 784 2005 est
801 1974 913 2004 lectio:
954 1981 991 2005 ut
1016 1974 1240 2007 substituatur:
1275 1985 1341 2019 opus
1366 1980 1416 2024 ψ,

101 2025 183 2068 Qis
197 2026 319 2066 primus
334 2025 480 2073 guntarit,
501 2034 536 2056 ut
548 2027 585 2056 in
600 2026 706 2056 Heius.
733 2035 764 2056 ct
782 2027 892 2056 Burm-
917 2024 1049 2066 legitur‚
1069 2025 1198 2067 ignoro.
1245 2028 1354 2061 Heius,
1381 2030 1416 2063 in

98 2077 220 2107 schedis
239 2076 345 2107 malit:
375 2078 459 2120 Qud
469 2079 539 2106 enim
556 2079 727 2118 cumfi1<lib11s
739 2079 782 2107 illi
794 2078 810 2107 :⁹
855 2078 960 2108 Totus
977 2084 1084 2107 tamen
1112 2077 1219 2108 versus
1230 2088 1293 2109 non
1309 2080 1416 2114 minus

97 2123 244 2158 inficetus
273 2127 317 2158 est
341 2137 436 2168 quam
462 2135 535 2158 ante
566 2128 810 2166 erat.—--516.
833 2130 862 2157 in
891 2140 1008 2171 aequora
1032 2127 1146 2158 melius
1162 2129 1215 2160 ms.
1234 2130 1414 2167 Helmstad.

97 2182 154 2211 lato
171 2189 233 2210 em.
252 2178 377 2215 Heius„
400 2188 579 2219 perperam.
625 2180 684 2208 Ge.
702 2180 759 2216 IV,
782 2188 846 2218 430
857 2180 940 2214 Ilum
962 2192 1020 2209 eum
1035 2179 1217 2221 (Proteum)
1234 2183 1417 2225 vqsticircum

93 2243 160 2274 gens
175 2231 288 2260 humida
294 2232 374 2271 ponti
385 2230 537 2270 Exsulluns
550 2242 639 2260 rorem
651 2232 708 2260 late:
720 2232 839 2271 ilisj'aezfit
855 2243 1040 2272 aquarum.-
1049 2240 1111 2269 —5
1119 2239 1133 2262 Ι
1142 2240 1168 2270 7.
1190 2246 1208 2262 α
1223 2241 1307 2264 morte
1327 2245 1419 2279 res-ep„

98 2290 130 2312 ta
147 2282 230 2323 conj.
251 2281 299 2312 vir
312 2281 424 2312 doetus
437 2282 504 2324 (J0.
524 2283 656 2325 Jortin.)
671 2283 766 2313 Misc.
790 2283 876 2314 Obss.
904 2282 978 2312 Vol.
1001 2283 1057 2319 IV,
1079 2293 1110 2323 p.
1140 2293 1214 2323 332,
1236 2287 1326 2327 atqui
1354 2289 1417 2321 hoc

100 2333 188 2365 idem
208 2333 274 2375 jam
289 2332 323 2362 in
339 2333 418 2364 Ald.
441 2340 528 2370 tert.,
549 2335 634 2365 unde
664 2348 681 2364 a
713 2335 828 2376 recepi.
918 2343 994 2375 519.
1018 2334 1155 2376 Rupibus.
1203 2336 1239 2366 ln
1263 2337 1323 2369 hoc
1340 2351 1417 2374 vem

102 2384 194 2420 versu
211 2383 378 2415 manifesta
394 2383 438 2416 est
449 2384 550 2427 inepti
566 2385 786 2417 versificatoris
797 2396 919 2419 manus,

147 2513 587 2567 514sqq.Eleganslocus
599 2523 635 2551 et
647 2513 722 2551 sen-
793 2510 948 2554 Praestat‚
975 2520 1078 2563 pum,
1115 2511 1202 2556 hoc,
1239 2524 1347 2561 quam
1375 2519 1416 2566 ut

103 2567 195 2605 sibus
225 2579 298 2604 rem
326 2565 518 2617 subjiciens
536 2565 723 2616 graphice,
793 2575 943 2600 mortem
965 2562 1151 2613 receperit,
1170 2563 1321 2600 subierit
1335 2580 1344 2608 ;
1375 2563 1415 2601 id

104 2619 151 2661 Et
168 2618 386 2656 maltumlate
399 2619 544 2674 ¹dgspeyfit
568 2624 603 2655 in
615 2633 724 2668 ceqzco-
791 2615 888 2665 quod
908 2615 1041 2652 faGtuni
1061 2628 1134 2651 non
1157 2615 1203 2651 est
1218 2632 1228 2660 3
1258 2624 1417 2652 mutatur

105 2686 141 2708 re
157 2686 273 2715 rorem,
300 2679 341 2708 ut
363 2669 478 2709 solent
508 2682 588 2707 aves
604 2672 724 2706 made·
790 2667 886 2704 enim
931 2666 970 2703 in
1005 2679 1119 2704 avem.
1160 2683 1277 2704 aevum
1308 2665 1414 2703 incul-

104 2720 215 2759 factas
238 2722 311 2758 alas
338 2731 543 2760 concutere.
597 2727 725 2772 nequis-
791 2729 882 2764 tum3
915 2718 1028 2758 vitam
1057 2717 1219 2771 asperam
1242 2727 1277 2756 et
1293 2717 1416 2755 horri-

103 2788 204 2826 quam
222 2783 364 2826 recepca,
392 2773 541 2821 servata,
569 2785 589 2811 a
614 2783 725 2813 merle.
792 2770 890 2811 dam,

1326 2832 1415 2872 520,
