1835 3396
334 234 429 281 234
524 215 579 264 P.
631 216 1002 267 VIRGILII
1060 220 1451 271 MARONIS

331 349 458 397 Haec
481 349 564 396 ubi
587 351 811 415 conlegit,
842 353 1010 400 laetum
1035 353 1244 401 consedit
1266 355 1325 402 ad
1351 356 1511 418 ignem
1530 380 1544 412 ς

329 438 394 486 Et
416 439 542 486 clara
566 438 796 487 famulam
820 442 973 504 poscit
997 444 1221 490 mortaria
1247 460 1380 494 voce.

329 529 526 593 Singula
548 543 652 577 turn
678 532 893 593 capitum
917 532 1169 580 numeroso
1192 535 1372 581 cortice
1393 537 1555 594 nudat,

327 623 396 670 Et
416 621 613 670 summis
639 621 809 684 spoliat
831 621 986 676 coriiS‚
1009 634 1343 686 contemtaque
1364 625 1528 687 paffim
1588 658 1590 661 -

328 717 521 782 Spargit
555 713 691 762 humi
731 725 874 776 atque
910 713 1075 761 abicit.
1144 713 1392 762 Servatum
1424 715 1643 779 gramine

518 806 721 854 bulbum
1579 817 1638 869 95

325 894 497 959 Tingit
550 911 687 958 aqua,
752 893 1016 956 lapidisque
1073 909 1245 942 cavum
1310 893 1524 942 demittit
1589 895 1639 941 in

524 990 712 1038 orbem.

323 1083 459 1132 Hinc
485 1080 590 1128 salis
614 1078 844 1143 inspergit
869 1081 1048 1134 mica33
1084 1080 1174 1128 sale
1198 1082 1343 1130 durus
1369 1083 1510 1130 adeso

325 1174 497 1222 Caseus
521 1172 743 1237 adjicitur
762 1195 775 1226 ;
810 1171 957 1220 dietas
981 1173 1121 1237 super
1144 1175 1318 1238 ingerit
1342 1177 1506 1223 herbas
1521 1199 1535 1231 ;

321 1269 387 1317 Et
409 1270 530 1316 laeva
551 1267 729 1313 vestem
753 1265 898 1312 setosa
921 1264 1005 1312 sub
1028 1266 1227 1329 inguina
1252 1267 1405 1316 fulcit.
1561 1254 1569 1261 ’

320 1364 528 1411 Dextera
550 1358 730 1424 pistillo
753 1357 970 1420 primum
992 1356 1247 1420 fragrantia
1269 1360 1430 1406 mollit
1548 1374 1640 1409 100

319 1456 450 1510 Allia
468 1478 482 1510 ;
517 1466 623 1500 tum
645 1450 824 1513 pariter
845 1449 986 1496 misto
1007 1448 1117 1497 terit
1139 1451 1303 1498 omnia
1324 1453 1482 1503 succo.

359 1621 416 1656 91.
451 1615 686 1658 lentum-ignem
716 1613 897 1656 corrigebat
935 1611 1047 1644 Heins.
1083 1613 1124 1645 ad
1154 1613 1252 1647 Ovid.
1289 1615 1368 1651 Fast.
1401 1618 1442 1656 11,
1476 1618 1554 1659 578,
1584 1617 1638 1652 sed

318 1672 417 1704 laetum
448 1667 553 1698 multo
585 1667 855 1698 accommodatius
878 1665 912 1697 h.
951 1664 973 1696 l.
1006 1664 1068 1696 esse
1099 1676 1196 1713 nemo
1226 1667 1505 1711 dubitet.--93.
1542 1672 1635 1707 Vett.

317 1718 394 1749 edd.
424 1718 630 1761 pertinaciter
666 1718 840 1751 exhibent:
880 1717 1018 1761 numerosa
1049 1720 1157 1756 cortice,
1195 1726 1312 1761 praeter
1345 1720 1517 1760 Norimb.;
1556 1722 1635 1758 Ald,

318 1779 415 1800 vero:
461 1770 550 1813 nodqso
577 1772 676 1801 cortice
711 1776 744 1800 et
782 1776 874 1800 vetus
909 1769 1065 1810 scriptura
1103 1764 1188 1810 hpud
1226 1771 1341 1813 Scalig.
1387 1773 1478 1816 mdoso
1507 1782 1639 1817 corpore;

317 1820 379 1851 ms.
404 1821 526 1852 Koeler.
564 1827 596 1851 et
621 1820 795 1851 Helmstad.
826 1820 918 1860 nodcfia
945 1822 1066 1858 vertice,
1095 1820 1182 1861 quod
1210 1821 1242 1852 in
1271 1822 1345 1853 allia
1367 1823 1422 1854 vix
1446 1824 1557 1856 cadere
1583 1825 1637 1857 vi·

319 1871 425 1903 detur.
465 1871 555 1913 mdffo
590 1874 689 1903 cortice
719 1870 862 1902 defendit
894 1872 1038 1902 Gronov.
1075 1879 1186 1903 contra
1216 1873 1377 1905 Cruceum
1406 1885 1439 1916 p.
1476 1875 1638 1908 186.—-.

319 1932 373 1966 94.
410 1933 589 1966 contentaque
626 1923 775 1954 Norimb.
866 1932 919 1964 95.
956 1923 1045 1956 adicit
1074 1931 1154 1955 vett.
1190 1924 1275 1964 edd.,
1310 1925 1365 1957 sed
1392 1925 1479 1957 refie
1517 1926 1637 1959 Aldina

318 1977 416 2010 abicit.
464 1977 542 2006 Mox
566 1975 719 2018 servatum
731 1976 860 2017 gramine
875 1974 991 2006 bulbum
1015 1984 1079 2007 non
1095 1975 1169 2007 satis
1184 1976 1329 2018 expedio.
1373 1977 1450 2008 Non
1465 1977 1506 2009 de
1519 1978 1638 2019 bulbis,

317 2027 406 2069 quod
432 2026 550 2069 plantae
575 2036 676 2067 genus
702 2025 758 2064 est,
789 2025 841 2056 hic
870 2025 993 2068 agitur:
1030 2026 1172 2069 adeoque
1188 2027 1240 2058 hic
1256 2027 1373 2059 bulbus
1391 2029 1435 2060 est
1457 2028 1523 2060 allii
1540 2037 1635 2072 caput

316 2078 464 2116 interius,
486 2077 695 2108 exterioribus
720 2077 876 2119 pelliculis
893 2077 1049 2109 nudatum
1073 2085 1106 2109 et
1137 2079 1380 2111 decorticatum.
1428 2080 1556 2122 Ergone
1579 2080 1635 2112 ab·

316 2129 419 2176 justas
433 2127 636 2160 membranas
657 2130 791 2170 gramina
813 2127 978 2170 appellat?
1022 2131 1075 2160 An
1104 2128 1208 2161 voluit
1230 2131 1399 2174 servantem
1417 2133 1545 2173 germina
1569 2131 1637 2162 bul·

318 2183 417 2213 bum?
449 2188 484 2211 ut
504 2181 632 2223 germina
655 2179 786 2210 nucleus
810 2179 857 2217 sit,
880 2180 934 2221 qui
960 2179 1046 2211 idem
1076 2180 1197 2212 semina.
1227 2189 1259 2212 et
1290 2181 1437 2224 germina
1467 2182 1635 2214 continet?

316 2231 488 2264 Heinsium
503 2231 597 2261 video
613 2230 768 2271 conjicere
795 2231 954 2262 Servatum
970 2231 1120 2272 stramine.
1212 2241 1265 2271 97.
1291 2231 1414 2275 aspergit
1437 2231 1493 2263 ms.
1510 2232 1633 2266 Koeler.

315 2290 349 2315 et
364 2281 538 2314 Hclmstad.
557 2290 631 2311 cum
646 2280 777 2311 Aldina.
805 2281 873 2312 Sale
887 2281 977 2312 durus
991 2281 1045 2312 ade
1057 2294 1070 2312 o
1085 2282 1185 2324 Caseus
1199 2281 1348 2322 adjicitur.
1393 2282 1526 2324 Proprie
1541 2284 1637 2327 caseus

307 2335 371 2378 sale
393 2333 488 2377 adefits
512 2331 662 2363 dicendus
686 2339 771 2362 erat:
806 2339 841 2362 ut
867 2331 999 2362 omnino
1027 2343 1075 2370 ea,
1105 2343 1176 2374 qua:
1204 2332 1264 2363 sale
1292 2333 1497 2372 condiuntur,
1527 2334 1633 2369 adesa.

317 2385 457 2426 Scaliger
474 2382 620 2423 exemplo
646 2382 733 2412 vocis
755 2382 853 2423 vescas
877 2382 1035 2414 illustrat:
1062 2395 1134 2415 cum
1167 2391 1198 2414 et
1222 2393 1336 2426 cerpora
1358 2384 1454 2427 vesta,
1473 2391 1505 2415 et
1528 2384 1633 2426 ipsum

307 2437 361 2479 νᾹνιί
380 2444 507 2477 quoque
524 2433 651 2463 vescum
667 2432 799 2463 dicatur.
847 2433 905 2464 Sed
922 2433 1047 2473 sufficit,
1070 2433 1178 2476 poetis
1193 2433 1287 2465 licere
1306 2433 1447 2475 epitheta
1463 2446 1481 2465 a
1496 2435 1634 2477 paffione

318 2487 360 2519 ad
376 2486 535 2518 affioncm
552 2482 734 2514 transferre.
778 2485 870 2527 adaesto
899 2485 1048 2516 Norimb.
1072 2485 1225 2522 Ascens.;
1256 2492 1328 2516 tum
1354 2485 1443 2527 prior
1466 2485 1521 2518 illa
1541 2487 1632 2521 divus

317 2549 377 2585 pro
400 2533 644 2577 duran—*98
658 2535 842 2581 superiqfcri:
864 2543 944 2570 vett.
963 2537 1035 2569 edd.
1053 2543 1127 2569 ante
1144 2536 1308 2569 Aldinam.

369 2679 434 2729 96.
461 2675 574 2714 Nunc
602 2674 646 2712 de
665 2672 838 2713 mortario
862 2673 940 2724 agi·
1009 2682 1290 2714 commemorata
1309 2672 1400 2713 male
1418 2670 1631 2727 permiscent

317 2737 400 2770 tur:
431 2728 532 2780 quod
561 2741 645 2766 cum
663 2725 760 2765 mola
778 2725 940 2778 superius
1005 2724 1129 2778 Intpp.

521 2792 547 2819 Δ.
1542 2787 1629 2826 ῙΟ9ῡ
