1835 3396
421 240 516 275 110
613 226 667 274 P.
718 224 1096 276 VIRGILII
1141 227 1536 278 MARONIS

414 361 583 425 Qalis
608 361 878 409 Erichtheis
901 364 1018 410 olim
1043 375 1254 426 portatur
1278 364 1499 422 Athenis,

417 452 592 503 Debita
616 472 727 504 curn
750 456 888 502 castae
913 454 1156 501 solvuntur
1174 466 1282 502 vota
1311 456 1569 515 Minervae,

413 546 667 609 Tardaque
687 545 902 592 confecto
923 544 1119 591 redeunt
1142 544 1480 609 Qinquennia
1504 547 1664 607 lustro,

415 639 541 686 Cum
565 639 680 686 levis
704 639 885 684 alterno
907 637 1155 700 Zephyrus
1178 638 1456 685 concrebuit
1478 639 1624 698 Euro,
1667 656 1692 689 2
1700 654 1725 704 5

413 729 477 777 Et
497 745 651 793 prono
672 726 924 791 gravidum
948 725 1167 790 provexit
1189 726 1396 789 pondere
1419 742 1632 781 currum.

453 899 508 929 23.
532 890 604 921 dona
620 896 699 920 vett.
723 887 795 919 edd.
819 892 893 918 ante
922 886 999 918 Ald.
1027 896 1100 917 cum
1125 886 1182 917 ms.
1210 886 1442 926 masth—24.
1468 890 1626 935 Tardaque
1638 888 1726 921 haud

411 942 506 973 dubie
532 941 718 983 legendnm,
742 944 777 970 ut
799 939 865 980 jam
892 949 909 968 a
936 937 1150 968 Taubmanno
1174 937 1297 969 editum
1313 938 1429 970 video:
1455 951 1519 972 non
1535 955 1582 973 ve.
1628 942 1727 985 Qin'-

411 996 528 1035 quatria
545 1001 622 1024 vett.
641 992 711 1022 edd.
728 991 814 1032 quod
830 989 956 1021 dostius
968 988 1028 1020 effe
1045 988 1236 1020 vocabulum
1251 990 1354 1021 videri
1369 991 1483 1032 potest,
1498 1001 1537 1023 etr
1548 991 1725 1035 improprie

411 1048 450 1076 de
481 1043 699 1076 Panathenaeis
723 1043 858 1074 dietum.
905 1043 1108 1086 Qinquennia
1135 1041 1253 1072 Aldina
1269 1050 1300 1073 et
1317 1043 1513 1076 Ascenfianae
1531 1036 1723 1078 intulerunt.

409 1096 549 1129 ——26.
576 1097 620 1127 Et
637 1104 722 1137 prono
743 1094 904 1136 gravidum
929 1094 1066 1135 provexit
1082 1093 1204 1135 pondere
1230 1093 1347 1136 cursum.
1392 1096 1544 1137 Superior
1558 1096 1667 1128 versus
1683 1106 1721 1137 25

409 1149 447 1180 ad
467 1147 691 1179 declarandum
707 1154 832 1186 tempus
858 1143 1143 1175 Panathenaeorum
1171 1143 1391 1176 habendorum
1418 1145 1590 1188 speetabat.
1637 1148 1723 1178 Cum

408 1210 475 1230 non
503 1204 665 1239 appareat,
691 1198 777 1238 cujus
799 1195 844 1225 rei
861 1194 965 1225 cursus
981 1194 1119 1236 intelligi
1135 1195 1239 1236 point,
1266 1206 1324 1226 nec
1339 1197 1379 1228 ad
1405 1197 1660 1240 navigationem,
1682 1197 1724 1232 ad

405 1262 502 1293 quarn
518 1248 690 1281 Turnebus
706 1247 864 1285 XXVIII,
892 1255 930 1285 25
957 1246 1084 1279 versum
1108 1246 1218 1286 refert,
1241 1248 1413 1291 quicquam
1426 1248 1514 1281 aliud
1528 1260 1586 1281 nos
1600 1250 1695 1282 ducat
1709 1260 1719 1281 :

402 1413 481 1451 vid.
511 1413 649 1451 Meurs.
683 1411 881 1449 Panathen.
913 1424 948 1450 c.
982 1426 1024 1464 17

401 1465 478 1515 sqq.
535 1464 744 1502 Ducebatur
770 1464 923 1501 occultis
952 1477 1025 1501 ma-

400 1516 519 1554 chinis
553 1529 615 1568 per
648 1526 778 1553 terram
819 1516 934 1560 navis,
979 1517 1025 1553 ad

399 1569 552 1618 speciem
598 1567 705 1605 remis
752 1568 934 1611 instrufia,
979 1568 1025 1604 ad

398 1619 581 1657 lx'linervre
617 1620 814 1670 templum3
862 1619 1022 1670 peplum,

398 1685 463 1722 pro
498 1673 578 1709 velo
616 1671 834 1722 suspensum,
871 1681 908 1707 ut
946 1671 1021 1708 dene

393 1736 461 1774 pro
496 1725 609 1760 aulaeo
639 1733 673 1759 et
693 1723 904 1760 umbraculo
922 1724 1021 1766 esset,

395 1786 607 1824 prsetentum
628 1774 803 1811 Minervae
830 1775 941 1825 signo.
969 1775 1019 1812 cf.

398 1826 548 1863 Stuart’s
567 1826 790 1875 Antiquities
805 1825 848 1863 of
865 1826 1020 1871 Athens,

395 1879 446 1916 Τ.
465 1878 514 1915 II.
532 1892 566 1928 p.
584 1893 619 1929 7.
640 1878 750 1928 Peplo
766 1878 912 1915 intextae
932 1890 984 1915 res
1000 1892 1019 1915 a

395 1929 539 1967 Pallade
557 1931 676 1980 gestae,
706 1930 872 1980 inprimis
898 1942 1020 1981 pugna

394 1994 480 2019 cum
499 1981 695 2019 Titanibus
710 1992 744 2018 et
764 1981 988 2032 Gigantibus
1006 1994 1015 2018 :

392 2047 478 2071 mox
514 2047 659 2084 quoque
696 2034 916 2071 strenuorum
951 2034 1018 2070 du-

392 2099 475 2123 cum
521 2085 674 2124 Athenis
718 2086 865 2136 egregia
908 2084 1016 2129 faeta,

393 2137 496 2174 aiunt
527 2136 596 2176 viri
630 2137 746 2181 docti,
780 2136 941 2187 Scaliger
970 2138 1016 2175 ad

392 2188 430 2226 h.
459 2191 487 2227 l.
516 2200 553 2226 et
584 2187 718 2226 Meurs.
739 2189 762 2225 l.
785 2203 817 2226 c.
873 2189 1016 2226 Volunt

390 2241 429 2278 id
462 2241 592 2278 docere
623 2253 668 2277 ex
700 2240 887 2292 Aristoph.
916 2240 1013 2292 Equ.

390 2294 481 2344 563,
515 2293 578 2331 ubi
595 2293 746 2342 majores
775 2292 1016 2343 praedicantur

387 2344 493 2395 digni
528 2358 569 2382 ea
600 2344 687 2381 urbe
717 2345 776 2381 καῖ
807 2351 852 2383 τέ
887 2350 1014 2383 ‘niz-23.

387 2396 474 2433 Hoc
510 2406 630 2433 tamen
665 2396 856 2434 clariorem
892 2398 1014 2435 locum

386 2448 507 2485 afferri
535 2447 667 2485 velim:
699 2461 782 2484 nam
813 2449 1010 2487 Comicuxn

384 2512 551 2553 pompam
575 2498 872 2537 Panathenaicam
901 2501 1009 2551 respi-

385 2565 465 2588 cere
477 2551 595 2602 potius
612 2549 783 2595 arbitror,
796 2565 865 2601 qua
881 2553 1008 2589 armati

384 2602 600 2640 incedebant
627 2601 710 2640 viri.
766 2602 886 2641 Etiam
909 2603 1007 2653 Pepli

382 2667 530 2700 nornen,
548 2667 621 2705 quo
642 2653 851 2692 Aristoteles
874 2655 1007 2693 librum

382 2706 575 2764 inscripsit,
618 2719 724 2756 quem
770 2707 815 2743 de
857 2707 1005 2744 heroum

382 2759 530 2795 tumulis
562 2757 779 2801 confecerat,
810 2758 878 2795 viri
908 2759 1005 2796 dofti

382 2809 467 2847 hinc
495 2809 682 2848 illustrant.
736 2809 860 2848 Nostri
888 2814 1006 2861 poetae

1604 1301 1724 1341 vitium

1092 1412 1192 1450 locus
1221 1426 1294 1450 rem
1326 1426 1400 1451 non
1435 1413 1551 1465 magis
1575 1412 1717 1464 probat.

1092 1465 1141 1502 cf.
1161 1465 1227 1502 inf.
1244 1465 1291 1501 ad
1311 1479 1345 1503 v.
1367 1466 1429 1514 35.

1147 1529 1208 1555 21.
1229 1519 1271 1566 st
1295 1520 1362 1567 sas
1395 1519 1437 1568 est
1469 1519 1604 1554 dicere:
1641 1529 1714 1554 non

1087 1576 1160 1605 tam
1180 1569 1225 1605 ad
1255 1569 1468 1618 religionem
1497 1568 1626 1614 refero,
1653 1569 1714 1606 sed

1085 1620 1130 1656 ad
1147 1621 1335 1657 audaciam
1349 1621 1460 1671 coepti
1473 1635 1483 1664 3
1503 1631 1538 1657 et
1554 1621 1713 1671 olim,pro

1087 1682 1171 1715 tum,
1192 1671 1356 1722 sequente
1373 1674 1483 1709 etiam
1502 1689 1586 1710 cum.
1624 1672 1710 1712 AEn.

1089 1721 1200 1767 VIII,
1221 1737 1289 1774 391
1310 1725 1488 1773 Nonsecus
1506 1735 1605 1776 atque
1621 1725 1711 1768 olim,

1087 1776 1125 1812 ὥς
1143 1776 1172 1812 δ’
1189 1779 1255 1813 ὅτε.

1141 1843 1202 1876 23.
1242 1831 1303 1867 26.
1346 1829 1433 1865 Cum
1462 1826 1550 1865 levis
1581 1827 1712 1866 altema

1086 1880 1256 1930 Zephyrus
1289 1880 1470 1918 concrebuit
1503 1881 1616 1918 Euro:
1658 1881 1708 1917 al-

1085 1933 1195 1969 ternis
1235 1931 1448 1982 Zephyrum
1489 1944 1572 1969 cum
1609 1931 1710 1969 Euro

1082 1983 1215 2032 spirare
1229 1984 1292 2028 ait,
1306 1996 1420 2033 eoque
1435 1992 1573 2034 ternpus
1592 1985 1708 2022 Pana-

1082 2035 1302 2073 thenaeorum
1355 2035 1602 2073 habendorum
1646 2035 1709 2080 def

1082 2087 1216 2125 clarat:
1237 2088 1335 2138 quod
1346 2087 1406 2124 hic
1420 2088 1465 2124 ad
1477 2087 1634 2138 primum
1647 2100 1707 2124 ver

1082 2140 1258 2177 retrahere
1277 2139 1391 2176 videri
1406 2140 1530 2189 potest.
1577 2139 1706 2176 Menst

1082 2199 1200 2228 tamen
1220 2192 1541 2236 Hecatombaeone‚
1565 2201 1602 2229 et
1625 2191 1707 2241 qui-

1080 2242 1163 2280 dem
1181 2243 1242 2280 die
1260 2242 1412 2286 XXIII,
1447 2243 1556 2281 tertio
1586 2242 1706 2292 cujus-

1081 2307 1152 2345 que
1177 2295 1410 2346 Olympiadis
1426 2308 1535 2339 anno,
1553 2308 1594 2332 ea
1610 2296 1704 2332 cele-

1079 2346 1181 2384 brata
1201 2347 1267 2384 ess'e
1285 2347 1367 2384 satis
1386 2348 1521 2385 constat
1536 2363 1547 2392 ;
1575 2347 1622 2384 est
1641 2345 1704 2384 ille

1079 2398 1217 2449 primus
1267 2399 1391 2436 mensis
1434 2398 1520 2437 anni
1565 2397 1704 2441 Attici,

1077 2463 1184 2501 quem
1212 2464 1233 2487 a
1260 2450 1379 2501 primo
1396 2451 1597 2501 plenilunio
1626 2451 1704 2500 post

1075 2502 1264 2539 solstitium
1305 2502 1462 2540 aestivum
1507 2502 1702 2552 processisse

1075 2553 1156 2603 quis
1190 2554 1364 2605 ignorat?
1407 2554 1552 2592 AEstatis
1587 2554 1703 2605 igitur

1074 2605 1235 2656 ingreffae
1261 2614 1400 2657 tempus
1425 2606 1603 2644 declarari
1629 2605 1700 2644 hoc

1074 2656 1174 2694 versu
1204 2657 1400 2694 dicendum
1427 2659 1499 2695 ess:
1530 2657 1629 2709 quod
1647 2668 1702 2694 ta-

1074 2721 1156 2745 men
1185 2722 1293 2759 quam
1322 2709 1513 2746 commode
1528 2723 1591 2760 per
1609 2721 1701 2760 pug-

1072 2773 1154 2796 nam
1176 2760 1341 2811 Zephyri
1361 2773 1443 2797 curn
1463 2761 1562 2798 Euro
1580 2761 1700 2811 defig-

1072 2821 1190 2856 netur,
1223 2825 1298 2850 non
1326 2811 1463 2851 dic-am.
1515 2812 1590 2850 Etfi
1624 2811 1698 2849 Ze-

1520 2881 1530 2885 *
1589 2863 1697 2916 phyri
