1835 3396
601 253 988 304 CULEX.
1461 270 1523 320 77

200 391 352 429 Nafades
369 387 537 428 celebrare
554 387 647 425 deum
657 384 840 437 plaudente
858 386 989 424 chorea.

251 451 298 487 Et
313 461 365 493 tu,
379 452 511 498 sam‘Ja
527 447 646 492 Pales,
673 447 726 484 ad
737 462 837 498 quam
854 457 1007 483 ventura
1026 449 1166 482 recurrit
1476 456 1527 482 20

201 509 534 561 Agrefiumfi‘tura;
567 506 631 545 tibi
639 507 691 557 fit
711 522 793 544 cura
811 511 957 544 canentis

199 569 316 607 Ak'rios
333 583 498 605 nemorum
515 573 643 604 traaas
657 565 836 617 silvasque
847 581 858 611 3
890 570 1054 610 virenter,

202 628 254 667 Te
270 628 419 672 cultrice,
432 641 547 679 vagus
549 625 666 675 saltus
670 631 773 678 feror
791 632 879 662 inter
896 634 926 661 et
942 635 1064 664 antra.

254 690 308 726 At
321 697 377 732 tu,
395 685 457 724 cui
475 685 612 724 meritis
630 686 747 723 oritur
763 684 898 722 fiducia
914 683 1065 729 chartis,

200 747 334 787 Oftavi
352 746 570 789 venerande,
588 745 677 782 meis
695 744 862 782 adlabere
879 743 1022 794 coeptis.
1478 756 1497 781 2
1507 755 1526 794 ς

198 806 322 844 Triste
339 806 440 856 Jovis
458 804 616 856 Coeique
635 803 733 841 canit
751 816 826 840 non
843 802 977 854 pagina
993 802 1146 845 bellum,

203 864 357 918 Phlegra
376 865 566 918 Giganteo
584 864 698 915 sparsa
717 864 764 901 est
783 876 855 913 quo
872 862 1045 912 sanguine
1062 862 1193 908 tellus;

205 926 291 965 Nec
313 928 535 966 Centaureos
553 923 725 975 Lapithas
742 921 931 973 compellit
950 921 990 959 in
1007 922 1117 960 enses.

202 987 293 1026 Urit
311 985 570 1025 Erichthonias
588 983 722 1021 Oriens
738 995 811 1018 non
831 981 979 1033 ignibus
997 995 1119 1026 arces;

202 1045 294 1084 Non
311 1045 482 1097 perfoffus
501 1044 638 1088 Athos,
658 1055 724 1079 nec
743 1054 877 1092 magno
897 1040 1044 1078 vincula
1062 1048 1177 1092 ponto
1484 1053 1530 1079 πο

201 1105 320 1154 Ιειξὶε,
339 1117 420 1142 meo
440 1113 602 1156 quaerent
620 1103 696 1153 jam
715 1102 789 1139 sera
807 1102 994 1140 volumine
1009 1101 1143 1139 famam
1157 1115 1171 1146 3

203 1163 297 1202 Non
316 1163 574 1215 Hellespontus
591 1162 745 1214 pedibus
763 1161 920 1213 pulsatus
937 1173 1134 1212 equorum,

206 1224 346 1263 Graecia
361 1239 434 1262 cum
453 1230 564 1261 timuit·
581 1229 751 1260 venientes
769 1223 910 1273 undique
927 1222 1046 1271 Fessa..-
1056 1237 1068 1266 ;

205 1283 343 1322 Mollia
356 1282 417 1321 sed
437 1283 538 1321 tenui
557 1294 763 1334 percurrere
782 1281 943 1318 carmina
964 1280 1079 1324 versu,
1096 1288 1132 1318 et

203 1341 362 1382 Viribus
379 1352 463 1394 apta
479 1342 551 1380 suis
571 1341 709 1380 Phoebo
727 1341 822 1378 duce
838 1340 962 1378 ludere
979 1340 1129 1391 gaudet.
1483 1354 1502 1392 3
1510 1355 1529 1394 ς

257 1405 305 1442 Et
321 1415 358 1442 tu
371 1409 493 1454 sanlle
513 1414 614 1453 puer,
635 1401 875 1447 memorabere3
891 1402 947 1451 sic
964 1401 1030 1439 tibi
1049 1403 1168 1452 perstet

206 1464 327 1503 Gloria
347 1474 542 1515 perpetuum
560 1462 640 1501 lucis
655 1467 795 1499 ‘vibium
815 1471 880 1511 per
895 1477 1013 1498 aevum
1028 1476 1040 1506 3

204 1527 252 1564 Et
267 1524 331 1563 tibi
343 1526 424 1573 sede
434 1529 497 1574 pia
514 1533 649 1560 maneat
666 1520 764 1565 locus,
785 1531 814 1558 et
833 1520 899 1558 tibi
907 1524 1016 1571 fhspcs

206 1584 336 1623 Debita
351 1583 470 1636 felices
490 1594 685 1621 memoretur
699 1585 780 1619 ‘vim
800 1592 867 1632 per
880 1596 982 1618 annos

206 1646 340 1689 Grata,
359 1644 447 1682 bonis
465 1643 586 1680 lucens.
639 1643 709 1679 Sed
722 1657 777 1678 nos
794 1643 845 1678 ad
856 1644 1149 1692 coeptafi’rarjwr.
1482 1656 1536 1691 40

258 1705 390 1756 Igneus
408 1702 573 1741 aetherias
599 1703 675 1752 jam
695 1701 756 1738 Sol
777 1710 978 1751 penetrarat
997 1700 1039 1738 ad
1062 1713 1174 1746 arces,

207 1764 451 1816 Candidaque
469 1773 594 1800 aurato
613 1761 801 1812 quatiebat
819 1759 959 1798 lumina
978 1773 1106 1806 curru3

207 1825 370 1864 Crinibus
385 1835 416 1861 et
434 1826 526 1872 roseis
544 1820 696 1858 tenebras
715 1822 849 1860 Aurora
863 1824 1020 1871 fugarat
1033 1833 1047 1855 .·

208 1884 374 1936 Propulit
393 1893 433 1921 ut
452 1881 596 1920 stabulis
615 1881 660 1918 ad
679 1880 809 1932 pabula
827 1881 907 1917 laeta
926 1880 1079 1930 capellas

209 1946 345 1990 Pastor,
361 1954 397 1982 et
414 1941 541 1981 excelfi
560 1941 693 1978 montis
709 1941 799 1992 juga
817 1939 954 1984 summa
971 1939 1102 1989 petivit
1118 1953 1129 1977 t
1482 1956 1529 1993 43

209 2006 335 2045 Uvida
351 2017 422 2056 qua
437 2002 579 2054 patulos
596 2001 762 2038 velabant
779 1999 946 2051 gramina
966 2000 1089 2038 colles.

210 2066 292 2116 Jam
310 2066 405 2103 filvis
423 2061 615 2113 dumisque
632 2075 748 2112 vagae,
772 2063 849 2111 jam
870 2059 1023 2097 vallibus
1041 2059 1182 2097 abdunt

211 2127 401 2177 Corpora;
424 2124 572 2173 jamque
591 2121 693 2158 omni
711 2119 869 2159 nemoris
885 2127 931 2156 de
948 2129 1047 2170 parte
1065 2129 1234 2172 vagantes

211 2186 368 2237 Scrupea
382 2183 530 2221 desertae
549 2192 741 2233 perrepunt
756 2180 839 2217 avia
856 2180 969 2230 rupis·

210 2246 431 2285 Tondentur
449 2253 572 2280 tenero
591 2241 791 2279 viridantia
808 2239 974 2292 gramina
992 2240 1121 2287 dente;
1487 2256 1532 2294 50

213 2307 373 2347 Pendula
390 2304 555 2359 projeffls
572 2311 768 2353 carpuntur
785 2311 821 2339 et
838 2301 967 2338 arbuta
986 2301 1110 2346 ramis,

214 2369 405 2420 Densaque
422 2364 590 2417 virgultis
607 2363 713 2401 avide
731 2362 892 2400 labrusca
909 2370 1095 2412 petuntur.

212 2430 300 2468 Haec
313 2432 473 2480 suspensa
491 2431 581 2476 rapit
600 2425 728 2462 rodente
743 2425 916 2461 cacumina
933 2424 1051 2471 morsu,

214 2490 284 2529 Vel
291 2489 410 2539 salicis
425 2487 524 2525 lentae
542 2484 617 2529 vel,
635 2499 710 2536 quae
727 2498 819 2521 nova
836 2484 995 2532 nascitur,
1021 2480 1117 2524 alvi,

217 2552 304 2589 Haec
318 2562 441 2588 tenerae
446 2551 611 2600 fruticem
626 2547 733 2595 fintis
749 2550 908 2586 rimatur,
925 2553 963 2579 at
981 2541 1045 2579 illa
1485 2557 1532 2596 55-

216 2611 371 2649 Imminet
387 2624 404 2646 e
421 2614 495 2659 ripa
507 2607 658 2657 prqstans
676 2610 712 2641 in
729 2608 883 2654 imaginis
899 2601 1067 2639 umbram.

267 2670 304 2709 O
322 2669 418 2708 bona
436 2665 597 2718 pastoriS,
616 2663 641 2701 fi
657 2663 736 2715 quis
751 2675 824 2700 non
841 2659 1004 2712 pauperis
1020 2659 1122 2697 usum

1405 2718 1535 2760 Mente

295 2841 463 2885 Interjeeci
481 2840 519 2873 ab
535 2840 596 2873 alia
613 2850 709 2872 manu
726 2849 758 2871 v.
779 2848 831 2879 33.
848 2836 889 2878 36
908 2836 949 2869 ad
966 2845 1020 2875 40,
1035 2843 1067 2869 et
1083 2845 1114 2867 v.
1131 2843 1185 2875 43.
1201 2843 1255 2875 53.
1273 2843 1326 2874 54.
1344 2842 1397 2874 55.
1417 2832 1473 2873 5⁶.
