1835 3396
286 245 382 288 ET
425 245 695 288 VARIAS
737 245 1194 291 LECTIONES.

140 356 331 402 Tritonia,
362 357 478 395 Pallas
506 356 601 394 unde
619 355 717 394 dieta

88 408 144 461 N.
167 410 217 447 A.
242 424 277 454 z,
301 423 385 460 170.

139 461 291 499 Tritura
304 472 461 498 veterum
471 459 674 509 N.G.1,17
683 462 718 498 8.

89 512 468 601 GTriumphantium
494 525 650 567 purpura
664 512 718 550 N.

135 592 145 602 .
194 594 204 609 ,
229 579 239 602 1
275 592 285 601 .

142 578 293 654 'lssroiliis
305 617 351 654 ab
364 615 510 662 Achille
527 626 665 654 amatus
683 625 719 654 et

87 668 196 717 caesus
215 667 308 706 Exc.
335 682 375 719 ¹7
390 667 435 704 ad
456 669 504 704 A.
529 681 560 704 1.

143 720 259 770 Troja
290 719 493 770 plenilunio
519 719 635 758 excisa
663 721 717 762 N.

88 772 142 808 A.
166 785 203 816 2,
222 785 310 823 255.
354 771 446 808 Exc.
464 784 484 808 2
501 772 546 809 ad
566 774 614 808 A.
637 786 656 821 3
678 786 715 823 p.

91 836 129 862 1.
145 837 180 862 z.
234 822 410 861 testudine
433 833 641 874 oppugnata
664 826 718 863 N.

87 875 140 913 A.
171 887 209 919 2,
244 889 334 925 441.
387 875 574 914 excidium
610 877 720 914 variis

87 927 276 978 tragoediis
319 937 571 977 argumentum
616 928 721 966 dedit

88 977 184 1016 Exc.
212 993 223 1016 1
244 979 289 1016 ad
303 981 352 1016 A.
369 992 388 1016 2
403 993 438 1030 p.
465 993 522 1030 17.
567 993 640 1017 nox
655 994 717 1018 ex-

89 1030 184 1067 cidii
203 1030 295 1068 Exc.
317 1035 336 1069 8
357 1031 402 1067 ad
423 1032 472 1068 A.
500 1045 535 1069 2.
592 1033 716 1082 Trojae

89 1092 204 1134 portae
221 1083 312 1120 Exc.
333 1096 379 1132 14
392 1083 437 1123 ad
450 1085 499 1121 A.
518 1097 553 1121 2.
592 1085 718 1122 mensis

90 1144 127 1171 et
147 1134 225 1172 dies
242 1134 380 1172 excidii
397 1135 487 1172 Exc.
517 1149 537 1172 2
558 1137 604 1174 ad
622 1138 671 1174 A.
694 1151 713 1185 3

89 1199 128 1237 p.
152 1199 185 1224 1.
204 1202 239 1226 2.
278 1187 394 1237 Troja
410 1200 503 1224 nova
522 1187 612 1227 Exc.
634 1203 653 1239 3
671 1189 717 1226 ad

90 1238 143 1276 A.
164 1253 183 1288 7
202 1253 238 1290 p.
258 1252 278 1277 z
299 1240 325 1277 s.

145 1289 301 1341 Trojani
311 1290 430 1328 eversa
442 1290 557 1341 Troja
571 1291 716 1342 dispersi

90 1342 153 1381 sed
177 1343 301 1380 reversi
322 1343 438 1394 postea
458 1342 538 1381 Dis.
560 1357 578 1381 z
609 1343 626 1392 ᾧ
646 1344 716 1382 IV.

89 1408 166 1434 eor.
183 1395 360 1433 exercitus
387 1394 451 1432 sub
479 1395 542 1432 dio
568 1409 720 1445 pernoc-

90 1458 170 1485 tans
186 1446 279 1485 Exc.
304 1451 350 1487 16
367 1446 415 1483 ad
434 1447 483 1485 A.
508 1460 539 1484 1.
586 1447 720 1496 Troja-

90 1512 170 1545 gnar.
216 1512 332 1537 rerum
349 1499 540 1549 scriptores
558 1498 721 1536 historici

90 1552 186 1588 Exc.
230 1565 242 1588 1
278 1552 324 1588 ad
352 1552 401 1589 A.
435 1564 456 1588 2
475 1565 510 1601 p.
529 1565 567 1600 4.
595 1551 719 1588 ‚Tro-

86 1605 184 1655 janae
202 1603 393 1653 religiones
410 1601 500 1640 Exc.
520 1616 542 1652 9
562 1602 607 1640 ad
626 1603 675 1641 A.
698 1617 717 1641 2

90 1669 128 1707 p.
157 1669 193 1706 7.
250 1655 406 1705 Trojani
435 1655 481 1691 ab
513 1655 721 1692 Arcadibus

92 1707 242 1745 oriundi
273 1707 366 1744 Exc.
402 1720 415 1743 1
449 1707 495 1743 ad
525 1708 574 1744 A.
596 1721 666 1757 3p.
684 1710 720 1746 6.

91 1773 168 1798 eor.
189 1759 300 1796 claffis
314 1757 456 1796 incensa
469 1758 561 1796 Exc.
578 1762 600 1798 6
613 1760 656 1795 ad
671 1761 719 1797 Α.

93 1826 132 1864 5.
185 1811 332 1848 advenae
349 1823 453 1862 agros
471 1823 491 1846 a
509 1810 642 1847 Latino
661 1824 720 1848 ac-

91 1876 216 1914 cepere
235 1863 288 1901 N.
309 1863 359 1900 A.
383 1875 443 1906 11,
465 1863 551 1911 316.

145 1914 306 1952 Truncis
337 1913 505 1951 arborum
545 1914 620 1950 nati
654 1915 721 1951 ho-

92 1967 207 2005 mines
225 1966 399 2003 dicuntur
413 1966 466 2003 N.
486 1966 533 2004 A.
553 1968 588 2009 8,
606 1979 693 2017 3¹5·

145 2017 424 2069 Tryphiodorus
443 2016 535 2056 Exe.
567 2028 580 2054 1
605 2018 651 2054 ad
670 2019 721 2057 A.

94 2084 117 2110 2
135 2084 171 2122 p.
194 2072 230 2107 8.

147 2120 301 2160 Tumuli
316 2134 362 2159 ex
378 2120 519 2172 aggesta
536 2121 648 2159 humo
667 2121 721 2160 N.

91 2175 144 2214 A.
171 2188 229 2217 11,
251 2175 340 2225 849.

146 2225 291 2270 Turbo,
326 2226 373 2276 ej.
407 2224 504 2262 lusus
532 2225 585 2263 N.
613 2224 663 2261 A.
685 2238 724 2271 7,

148 2331 297 2369 Turnus
313 2329 487 2367 summam
506 2327 651 2379 imperii
670 2337 722 2366 te-

95 2396 183 2421 nens
212 2382 264 2419 N.
299 2381 348 2419 A.
376 2395 415 2432 7,
442 2394 529 2432 599.
583 2381 629 2429 ej.
649 2380 723 2416 ori-

94 2434 198 2488 gines
229 2433 321 2471 Exc.
342 2447 362 2484 7
393 2431 439 2470 ad
470 2433 518 2470 A.
540 2446 560 2482 7
589 2445 626 2482 p.
646 2431 722 2481 4ff.

149 2486 285 2524 Turres
317 2494 476 2522 veterum
508 2484 562 2522 N.
599 2484 649 2522 A.
685 2495 723 2528 z,

95 2539 366 2639 469syphoeus,
381 2587 430 2638 ej.
457 2586 532 2626 sab.
548 2587 601 2626 N.
621 2587 669 2625 A.
686 2599 724 2636 3,

98 2642 187 2694 578.

152 2691 317 2742 Tyrrhus
330 2690 483 2728 armenti
494 2691 657 2743 magister
668 2689 721 2729 N.

98 2745 150 2785 A·
171 2757 209 2793 7,
227 2746 316 2792 484·
433 2796 440 2801 ,
586 2795 593 2802 ,

152 2795 306 2839 Tzetza,
331 2808 530 2833 carminum
562 2807 609 2844 eJ.
644 2807 724 2846 pre-

98 2847 192 2892 tium
206 2846 302 2899 Exc.
326 2861 340 2887 1
362 2847 410 2894 ad
422 2847 473 2899 A.
491 2860 510 2886 z
528 2860 565 2898 p.
585 2851 621 2888 8.

1330 249 1416 307 ⁶93

785 374 862 451 U
873 408 978 446 breve
992 408 1151 449 Romani
1165 409 1317 450 Gallico
1335 426 1416 452 mo·

786 473 822 498 re
851 461 1137 512 pronuntiabant
1159 463 1210 501 V.
1233 463 1278 502 L.
1301 465 1354 504 G.
1380 480 1417 504 ι»

791 525 876 551 120.

839 564 876 601 V
878 579 973 604 accae
1000 566 1044 604 ad
1064 565 1215 605 feturam
1235 567 1418 619 aptiffimae

786 617 839 655 N.
861 616 914 655 G.
937 632 973 667 3,
990 631 1051 667 49.
1157 671 1164 678 .

839 668 962 708 Valer.
983 671 1133 709 Flaccus
1155 670 1209 708 111.
1228 671 1281 710 N.
1305 673 1353 710 A.
1380 686 1415 717 1,

788 724 876 772 655.
932 721 1024 760 Exc.
1052 735 1076 773 9
1094 723 1140 760 ad
1159 725 1208 761 A.
1232 737 1265 762 1.
1321 723 1417 764 Exc.

790 786 833 824 15
853 774 899 810 ad
919 773 968 821 A.
994 788 1026 812 1.

841 823 931 861 Vari
947 825 1076 864 diverfi
1091 825 1182 864 Exc.
1201 840 1221 865 2
1237 827 1283 864 ad
1296 827 1388 866 Buc.

838 875 886 914 L.
897 876 1043 924 Varius,
1057 879 1103 928 ej.
1120 879 1292 929 Thyestes
1300 878 1350 918 V.
1362 880 1416 924 D.

786 926 897 966 VHI.
927 942 987 977 30.
1049 932 1156 981 poeta
1188 931 1347 978 tragicus
1378 942 1418 971 et

784 979 908 1029 epicus
947 980 1060 1018 XIV.
1096 996 1156 1033 53.
1197 982 1248 1021 V.
1290 983 1337 1024 L.
1365 984 1413 1024 E.

783 1043 824 1082 9,
846 1045 864 1080 3
896 1061 906 1070 .
935 1031 1027 1072 Exc.
1049 1049 1068 1072 z
1089 1035 1135 1071 ad
1153 1034 1244 1073 Buc.

877 1097 957 1121 arro
972 1086 1025 1122 ill.
1050 1085 1103 1124 N.
1124 1086 1177 1124 G.
1199 1100 1235 1135 3,
1257 1101 1319 1139 55.

837 1134 949 1173 Vates
967 1136 1075 1174 inviti
1094 1138 1339 1177 vaticinantur
1358 1140 1414 1186 N.

786 1186 832 1225 E.
861 1188 900 1232 6,
930 1202 991 1237 24.
1011 1189 1064 1227 G.
1086 1204 1124 1240 4,
1145 1204 1235 1241 400.
1290 1191 1415 1229 Celta-

786 1253 865 1276 rum
886 1239 939 1278 N.
968 1240 1010 1278 Ε.
1031 1254 1070 1290 9,
1093 1255 1154 1290 34.
1208 1255 1282 1279 non
1311 1243 1417 1283 unice

786 1291 1018 1330 vaticinando
1044 1293 1213 1344 occupati
1231 1294 1283 1332 N.
1304 1296 1353 1334 A.
1377 1309 1415 1347 5,

786 1356 874 1394 709.
920 1343 992 1381 vim
1011 1344 1049 1382 in
1068 1345 1188 1384 futura
1205 1346 1336 1384 habere
1348 1343 1417 1399 pu.

784 1405 906 1432 tantur
923 1396 976 1434 N.
994 1397 1043 1434 A.
1064 1411 1124 1442 10,
1148 1400 1234 1448 176.

840 1446 1028 1485 Vaticinia
1047 1448 1141 1486 inter
1160 1463 1281 1487 ornnes
1299 1463 1416 1501 popu-

786 1499 839 1536 los
858 1501 952 1550 Arg.
980 1500 1024 1538 E.
1050 1515 1090 1550 4.
1145 1513 1270 1538 eorum
1290 1501 1417 1539 multi-

786 1551 877 1588 tudo
894 1551 959 1588 sub
975 1562 1134 1592 extrema
1151 1553 1239 1605 reip.
1260 1554 1308 1591 R.
1324 1565 1416 1591 tem-

787 1615 875 1652 pora
892 1602 944 1640 ib.
981 1613 1016 1640 et
1035 1605 1088 1642 N.
1108 1606 1156 1641 A.
1173 1607 1211 1649 6,
1230 1619 1318 1657 799.
1351 1619 1415 1643 va-

787 1653 997 1693 ticiniorum
1038 1656 1195 1694 studium
1240 1657 1346 1707 Disq.
1392 1671 1415 1697 2

787 1705 805 1755 §
828 1705 898 1744 VI.
968 1707 1186 1746 vaticinium
1215 1710 1261 1746 de
1288 1709 1416 1748 mensis

787 1757 934 1795 ambesis
953 1758 1044 1796 Exc.
1067 1764 1085 1797 8
1107 1760 1151 1796 ad
1172 1760 1222 1799 A.
1245 1774 1279 1809 3.
1325 1762 1416 1812 poe'-

788 1820 905 1846 tarum
924 1824 1002 1848 mos
1031 1825 1081 1849 res
1106 1812 1218 1862 gestas
1241 1826 1305 1863 per
1322 1813 1416 1850 vati-

785 1860 884 1909 cinia
901 1863 1069 1900 efferendi
1084 1862 1175 1901 Exc.
1195 1877 1240 1914 14
1254 1864 1299 1901 ad
1313 1865 1361 1901 A.
1375 1866 1415 1905 6.

840 1912 992 1951 Velinus
1005 1915 1103 1951 lacus
1114 1915 1165 1952 N.
1180 1915 1228 1953 A.
1243 1930 1281 1966 7,
1299 1930 1388 1967 517.

840 1963 973 2002 Velum
1006 1965 1195 2005 Scenicum
1230 1967 1269 2004 in
1301 1968 1415 2007 altum

786 2014 963 2054 sublatum
982 2017 1035 2057 N.
1057 2017 1109 2054 G.
1131 2032 1168 2066 3,
1187 2031 1248 2067 24.

845 2066 1072 2113 Venatrices,
1099 2082 1219 2106 carum
1248 2070 1421 2109 dextrum

787 2119 908 2168 pestus
923 2120 1096 2157 nudatum
1111 2120 1164 2159 N.
1180 2121 1228 2159 A.
1250 2136 1308 2167 11,
1325 2122 1415 2174 649.

811 2170 992 2258 chneti‚
1019 2185 1092 2211 eor.
1113 2172 1218 2224 origo
1237 2174 1328 2211 Exc.
1351 2189 1370 2227 7
1391 2176 1415 2197 ἥ·

790 2234 809 2257 a
856 2223 955 2261 A.1.

842 2274 1086 2313 P.Ventidius
1095 2276 1211 2312 Bassus
1220 2275 1271 2314 N.
1282 2277 1366 2315 Cat.
1379 2280 1418 2320 8.

840 2326 1042 2364 Ventorum
1070 2338 1211 2365 antrum
1231 2327 1284 2365 N.
1306 2329 1355 2366 A.
1380 2343 1416 2375 1,

789 2391 851 2430 52.
902 2379 1146 2416 conversiones
1173 2379 1298 2417 subitae
1322 2382 1418 2421 Exc.

792 2443 810 2478 3
832 2430 877 2467 ad
898 2432 947 2468 A.
973 2445 1005 2468 1.
1060 2431 1177 2469 Venti
1205 2431 1301 2482 bigis
1321 2432 1415 2470 vesti

791 2482 843 2520 N.
863 2483 910 2521 A.
933 2498 969 2526 z,
989 2496 1078 2534 4¹7·
1134 2483 1231 2520 sacra
1259 2483 1304 2520 iis
1325 2485 1417 2522 fasta

789 2534 842 2571 N.
860 2535 908 2572 A.
932 2548 968 2582 3,
992 2548 1075 2572 120.
1131 2535 1242 2585 nigroe
1259 2535 1418 2572 vietimae

789 2585 841 2623 ib.
895 2586 993 2623 venti
1011 2600 1032 2622 a
1051 2586 1235 2623 montibus
1261 2587 1416 2639 profesti

790 2638 842 2676 N.
864 2638 913 2675 A.
937 2651 972 2686 3,
992 2639 1080 2687 687.

842 2689 966 2726 Venus
983 2688 1069 2737 Jovi
1088 2689 1233 2740 supplex
1258 2689 1295 2726 in
1314 2703 1417 2741 gem-

791 2754 849 2778 ma
881 2741 934 2781 N.
964 2743 1012 2778 A.
1048 2755 1081 2785 1,
1115 2755 1201 2791 223.
1255 2742 1302 2791 ej.
1322 2743 1416 2792 palla

788 2806 879 2840 402.
932 2792 1079 2829 incessus
1104 2793 1154 2830 ib.
1210 2792 1247 2829 in
1267 2793 1417 2831 Veneris

788 2845 895 2885 sacris
912 2843 1066 2886 viffimae
1090 2858 1164 2883 non
1181 2843 1418 2883 immolantur
