1835 3396
349 222 407 268 ἠ
751 214 1317 264 PROOEMIUM

340 361 402 396 ac
421 347 638 397 versuum
662 348 711 396 ln
731 347 898 396 eodem
917 346 1127 394 carmine
1146 359 1191 393 et
1207 348 1384 397 variata
1401 368 1488 415 per
1505 354 1667 417 plures

342 428 545 477 diversae
581 443 710 476 notae
747 428 899 475 versus
931 427 1099 475 eadem
1135 427 1378 478 sententia.
1447 434 1593 499 Qod
1626 437 1663 483 fi

341 519 588 557 teneatur:
626 510 763 557 facile
789 522 834 557 et
859 511 1091 557 virtutum
1128 522 1175 557 et
1211 512 1442 561 vitiorum
1480 516 1531 563 in
1570 518 1665 566 hoc

339 594 553 640 carmine
573 594 743 641 cauffae
766 592 994 657 explicari
1019 605 1214 657 totaque
1251 594 1350 660 ejus
1388 599 1510 647 ratio
1542 617 1662 650 con-

341 672 471 720 flitui
497 675 666 736 potest.

406 757 598 804 Scilicet
631 758 723 804 fuit
755 758 1007 806 doctorum
1029 759 1286 807 hominum
1310 762 1436 809 male
1470 762 1661 812 sedulo-

337 855 464 896 rum,
503 839 848 902 antiquioribus
887 840 1030 887 etiam
1063 841 1266 899 saeculis,
1299 859 1420 902 mm,
1454 856 1507 892 ut
1543 860 1661 894 cum·

334 921 606 980 Ovidianis,
645 935 748 969 tum
786 922 1078 985 Virgilianis,
1118 925 1191 971 his
1229 935 1392 972 tamen
1430 926 1658 982 maxime,

333 1006 542 1052 versibus
568 1006 818 1062 variandis,
839 1007 1064 1053 ornandis
1089 1007 1164 1054 vel
1188 1009 1560 1071 amplificandis,
1582 1013 1660 1060 in-

332 1089 531 1149 genium
556 1088 694 1135 suum
718 1089 1056 1151 experirentur.
1095 1090 1259 1138 Multa
1282 1091 1388 1138 sunt
1403 1092 1487 1141 sub
1504 1094 1658 1143 Scho-

331 1167 606 1216 lasticorum
624 1170 819 1216 nomine
842 1171 892 1216 in
916 1171 1216 1236 Anthologia
1235 1174 1408 1223 Latina
1426 1181 1657 1238 carmina,

333 1255 524 1317 quibus,
571 1254 811 1301 interdum
858 1256 1015 1304 decies
1055 1259 1126 1303 vel
1169 1259 1440 1319 duodecies,
1487 1263 1655 1312 eadem

330 1336 560 1383 sententia
587 1338 659 1383 vel
696 1337 825 1384 idem
865 1338 1019 1386 versus
1057 1341 1279 1388 variatur.
1351 1344 1451 1390 Alii
1476 1346 1655 1405 thema,

327 1421 458 1484 quod
488 1421 731 1478 vocabant,
766 1421 841 1469 seu
875 1438 1215 1486 argumentum
1246 1425 1422 1475 fabulae
1453 1430 1652 1494 alicujus

325 1518 384 1550 ex
410 1505 614 1568 Virgilio
642 1508 715 1553 vel
750 1507 941 1555 aliunde
975 1509 1247 1559 desumtum
1271 1513 1480 1560 versibus
1504 1516 1653 1563 modo

327 1600 385 1634 ex
401 1587 606 1651 Virgilio
619 1590 952 1638 consarcinatis
969 1592 1015 1639 in
1036 1593 1262 1641 Centonis
1284 1612 1488 1654 morem,
1505 1598 1653 1646 modo

323 1673 385 1720 ad
430 1671 625 1736 Virgilii
677 1676 953 1739 exemplum
995 1677 1230 1737 formatis,
1283 1681 1647 1743 pertractarunt.

320 1757 441 1804 Sunt
468 1773 578 1803 vero
601 1757 647 1802 in
673 1757 743 1803 his
779 1757 931 1804 multa
955 1775 1048 1804 non
1074 1759 1217 1806 malae
1249 1773 1377 1807 notae
1403 1763 1616 1810 carmina
1633 1787 1648 1818 ;

319 1838 428 1886 sunt
462 1839 644 1904 singula
677 1841 797 1898 loca,
833 1840 1005 1905 finguli
1041 1841 1198 1889 versus
1234 1843 1374 1890 docte
1403 1856 1450 1891 et
1483 1858 1650 1894 ornate

321 1922 452 1969 facti.
547 1923 808 1987 Comparet
848 1941 893 1973 V.
937 1941 980 1972 c.
1020 1924 1190 1988 aliquis
1232 1927 1555 1975 narrationem
1587 1929 1649 1976 de

318 2006 555 2052 adulterio
580 2007 753 2054 Martis
773 2021 820 2055 et
841 2009 1033 2056 Veneris
1054 2009 1253 2056 Anthol.
1278 2009 1385 2056 Lat.
1406 2002 1460 2056 Pss
1486 2011 1525 2069 I,
1549 2012 1644 2075 Ep.

319 2102 397 2150 72.
469 2089 581 2136 Non
598 2090 750 2137 defuit
768 2092 970 2148 homini,
992 2091 1074 2154 qui
1100 2091 1148 2138 id
1176 2091 1374 2154 scripsit,
1394 2092 1645 2156 ingenium

318 2186 405 2217 nec
438 2171 627 2234 poetica
649 2173 830 2219 oratio:
867 2173 1024 2221 defuit
1050 2173 1295 2238 judicium
1318 2174 1378 2220 ad
1406 2174 1645 2224 summam

318 2253 543 2300 carminis
558 2253 934 2302 constituendam
955 2267 1001 2301 et
1018 2255 1077 2302 ad
1094 2254 1436 2302 eliminandam
1451 2256 1644 2319 copiam

318 2336 519 2382 otiosam
545 2348 590 2382 et
623 2336 829 2386 inanem.
902 2337 1045 2384 Adde
1069 2337 1170 2385 ibid
1206 2338 1290 2385 lib.
1325 2339 1364 2395 I,
1394 2356 1467 2403 ep.
1505 2343 1560 2404 89
1596 2353 1644 2388 et

313 2419 374 2464 al.
447 2417 594 2464 Lcclo
622 2417 780 2480 itaque
827 2418 1021 2481 Virgilii
1053 2420 1265 2467 carmine
1294 2420 1643 2484 adscripserunt

316 2500 364 2547 in
390 2501 605 2563 margine
641 2500 819 2547 codicis
857 2500 925 2547 sui
958 2501 1007 2547 hi
1047 2502 1263 2548 homines
1302 2518 1368 2559 ea,
1406 2517 1515 2565 quae
1551 2501 1641 2565 ipfi

314 2594 622 2640 tentaverant,
644 2583 700 2630 ad
728 2583 1001 2630 variandam
1025 2583 1098 2630 vel
1122 2583 1513 2646 amplificandam
1534 2583 1642 2631 sen-

313 2669 511 2715 tentiam
534 2692 544 2722 ;
582 2668 723 2730 idque
746 2667 966 2730 inprimis
994 2668 1038 2713 in
1061 2668 1327 2714 minoribus
1350 2667 1420 2713 his
1441 2667 1636 2731 Virgilii

312 2751 601 2801 carminibus
623 2750 797 2798 factum
823 2763 1042 2814 apparet3
1073 2750 1226 2799 multo
1241 2761 1401 2798 autem
1424 2749 1637 2797 maxime

1586 2847 1640 2884 m
