1835 3396
606 195 983 242 INDEX.

129 330 211 369 quae
235 315 305 354 erit
335 314 444 354 finis?
474 315 522 352 A.
552 313 648 357 XII,
670 326 757 365 793.

127 370 200 407 erit
227 367 317 406 mihi
348 369 455 405 dulce
485 366 684 417 quidquam

134 420 231 464 XII,
252 423 338 468 883.
392 418 552 469 quisquis
570 416 636 454 erit
660 429 761 467 para-

133 482 191 511 tus
210 472 282 509 Cu.
303 474 339 510 6.
391 471 459 507 erit
484 470 608 506 audior
635 467 764 505 carmi-

135 524 190 562 nis
209 523 366 560 Phoebus
383 522 457 560 Cu.
483 534 539 559 12.
584 520 648 557 illa
667 533 762 569 quae-

133 587 291 626 cumque
307 574 388 612 Cir.
408 587 496 625 445.
540 571 672 608 erimus
692 584 764 607 non

134 627 320 665 indecores
347 639 457 676 regno
487 625 534 662 A.
555 623 646 667 VII,
675 636 762 671 231.

134 688 240 716 erunt
274 678 348 714 haec
379 675 450 714 tibi
476 676 611 726 semper
639 675 682 712 E.
714 674 765 718 V,

136 744 200 782 74.
252 730 329 766 haec
354 738 432 766 tum
458 728 605 764 nomina
624 727 673 765 A.
693 725 767 771 VI,

168 796 211 870 717
219 809 254 870 '8
260 781 335 884 53ae
365 778 770 869 ἴέξίίὶῐῖὶωςῖιήὶἶζῒῗοὲἱ

140 886 190 922 ris
208 884 314 922 matri
337 884 384 921 A.
401 883 476 928 IX,
499 883 586 920 216.
642 881 683 918 fis
703 882 769 917 bo-

139 950 207 974 nus
239 949 262 973 o
288 934 448 984 felixque
480 934 550 971 tuis
569 933 612 971 E.
634 931 686 977 V,
707 937 768 984 65.

139 1001 224 1026 cum
239 988 280 1024 fis
299 998 337 1024 tu
356 987 448 1023 mihi
463 986 579 1023 cauffa
593 985 678 1022 mali
693 984 766 1022 Cu.

142 1053 230 1091 377.
292 1051 430 1075 memor
464 1038 513 1075 A.
550 1037 644 1080 XII,
679 1048 768 1087 439.

140 1105 221 1142 quae
239 1090 280 1128 fit
300 1090 434 1128 fiducia
451 1099 557 1140 capto
576 1090 621 1126 A.
638 1088 690 1133 ΙΙ,
706 1104 724 1139 7
737 1102 768 1138 5.

141 1156 223 1194 quae
256 1142 298 1180 fit
329 1141 474 1178 fortuna
506 1140 608 1177 rebus
638 1141 686 1177 A.
717 1140 770 1184 ΙΙ,

143 1207 266 1283 ἕέοὶῑ
287 1206 365 1281 ‘³0²3
382 1193 422 1230 fi.
440 1192 773 1281 cffss'ffgsszffsss‘iffi

142 1298 243 1336 Iulus
261 1259 388 1340 Aflli
405 1310 448 1345 71
462 1309 494 1334 1.
539 1309 617 1346 quae
636 1295 677 1332 fit
696 1295 774 1332 sen-

143 1348 260 1386 tentia
288 1348 338 1387 A.
368 1348 442 1392 III,
471 1361 527 1398 59.
581 1347 643 1397 qui
663 1346 703 1384 fit
722 1348 772 1384 A.

143 1401 218 1446 III,
246 1401 336 1439 608.
389 1413 468 1449 quae
504 1399 545 1435 sit
575 1399 689 1435 cauffa
723 1399 773 1436 A.

144 1452 219 1496 IV,
240 1465 326 1502 290.
379 1464 424 1488 an
453 1450 493 1487 fit
521 1449 611 1487 mihi
638 1449 777 1500 gratior

147 1505 222 1543 ulla
243 1504 347 1541 tellus
374 1503 424 1540 A.
455 1502 507 1546 V,
536 1503 598 1539 28.
650 1515 714 1538 nce
735 1502 776 1539 fit

147 1555 240 1595 mihi
273 1555 420 1592 credere
453 1553 497 1591 E.
534 1553 588 1597 X,
617 1554 680 1603 46.
735 1553 778 1590 fit

148 1607 240 1647 mihi
275 1607 327 1643 fas
361 1607 410 1644 A.
440 1605 512 1649 VI,
551 1608 636 1644 266.
693 1604 775 1653 (fas)

146 1659 305 1712 pandere
330 1670 383 1695 res
410 1657 459 1694 A.
480 1656 551 1699 VI,
573 1658 659 1695 266.
714 1656 778 1707 qui

149 1725 207 1749 me
225 1709 370 1748 mandet
389 1710 500 1746 humo
521 1709 571 1746 A.
591 1707 667 1752 IX,
689 1721 776 1756 213.

149 1763 234 1801 satis
254 1763 303 1799 A.
319 1760 396 1805 IX,
412 1763 501 1811 653.
546 1774 618 1810 quo
637 1760 678 1797 fir
698 1760 780 1796 loco

150 1814 296 1861 fortuna
315 1813 365 1850 A.
390 1813 467 1858 IX,
489 1825 575 1863 723.

149 1866 280 1904 aliud?
309 1865 359 1902 Α.
390 1864 442 1908 X,
480 1877 536 1915 19.
590 1863 667 1900 fuat
686 1863 781 1899 Tros

153 1917 355 1955 Rutulusve
391 1917 440 1953 A.
472 1915 525 1958 X,
564 1918 647 1953 108.
701 1927 780 1965 quae

152 1970 196 2008 fit
207 1968 339 2006 fiducia
354 1967 459 2004 rebus
476 1965 641 2004 humanis
661 1965 707 2003 A.
724 1966 779 2010 X,

157 2034 243 2073 152.
296 2019 339 2056 fit
366 2031 468 2070 mage
493 2017 711 2069 penetrabile
730 2027 780 2054 te-

152 2074 231 2118 lum
259 2073 309 2110 A.
344 2070 400 2115 X,
426 2072 514 2120 481.
571 2069 662 2106 mihi
681 2082 782 2106 amor

155 2135 301 2162 mutuus
319 2123 404 2160 Cat.
427 2122 542 2166 XIII,
569 2134 624 2158 12.
679 2131 782 2171 grata

154 2177 263 2214 Ceres
281 2174 364 2212 Mo.
388 2188 448 2225 55.
489 2187 568 2224 quae
585 2172 626 2209 fit
644 2172 780 2209 senten-

154 2228 210 2266 tia
228 2228 276 2264 A.
299 2225 373 2269 XI,
392 2238 480 2276 295.
533 2238 611 2274 quse
638 2224 678 2261 fit
706 2224 781 2260 scn-

156 2279 270 2317 tentia
298 2277 410 2315 menti
434 2279 482 2314 A.
503 2275 578 2320 XI,
599 2289 685 2324 3¹4·
742 2275 784 2312 fit

158 2330 199 2369 in
211 2331 351 2382 Ρεξὶοῐε
371 2330 520 2377 (anima)
541 2328 588 2365 A.
605 2327 678 2372 XI,
693 2340 783 2376 409.

158 2396 238 2433 quae
250 2382 290 2419 sit
301 2381 445 2419 fortuna
457 2379 631 2416 facillima
647 2380 695 2415 A.
711 2378 784 2424 XI,

160 2434 251 2483 761.
291 2433 332 2470 sit
352 2431 512 2474 Latium,
532 2431 597 2468 smt
618 2443 715 2480 reges
735 2431 784 2468 A.

160 2485 258 2530 XII,
290 2485 378 2522 826.
432 2483 598 2520 Romana
626 2495 787 2532 propago

160 2549 287 2594 potens
305 2537 354 2574 A.
376 2535 471 2579 XII,
491 2537 577 2585 827.
615 2534 786 2571 curaCu.

163 2602 226 2627 21.
280 2587 392 2625 modo
412 2597 513 2636 grata
532 2585 695 2622 voluntas
713 2584 786 2622 Cu.

162 2652 252 2689 229.
296 2639 366 2676 tibi
383 2638 500 2676 libido
518 2637 598 2675 Cir.
624 2650 680 2685 13.
725 2635 790 2686 ipfi

163 2701 276 2729 mater
290 2689 418 2727 Lamie
433 2689 514 2726 Cir.
533 2689 594 2726 66.
636 2688 792 2724 nostrum

162 2743 380 2789 'contendere
404 2753 486 2778 cum
512 2740 570 2778 dis
597 2739 677 2776 Cir.
705 2751 791 2788 329.

162 2793 248 2840 satis
277 2793 348 2832 hoc
380 2792 462 2841 Cir.
494 2805 584 2845 455.
637 2789 792 2837 dubium

630 1811 719 1861 quid
738 1811 780 1848 sit

1378 214 1462 263 539

824 312 978 365 prodere
997 311 1069 350 Cu.
1096 326 1182 365 193.
1238 312 1263 350 fi
1283 313 1349 351 fint
1368 312 1460 351 mihi

710 366 758 402 A.
827 366 964 411 linguae
995 375 1140 402 centum
1180 366 1229 402 A.
1263 365 1332 408 VI,
1369 366 1459 416 625.

827 406 905 467 quse
920 416 985 453 siut
1000 429 1040 453 ea
1052 416 1202 453 flumina
1219 419 1268 454 A.
1281 416 1356 461 VI,
1369 430 1459 468 711.

828 482 907 518 quae
926 468 992 504 fint
1021 467 1184 517 responsa
1205 469 1256 506 A.
1277 469 1352 512 XI,
1373 481 1462 519 294.

828 520 895 556 fint
912 519 1035 556 omnia
1064 519 1144 557 Cir.
1165 533 1230 571 90.
1284 521 1359 557 haec
1379 533 1461 556 vera

829 571 938 608 velim
966 571 1047 608 Cir.
1078 575 1165 619 306.
1222 585 1302 621 quae
1329 571 1396 608 sint
1421 584 1464 608 ea

830 622 978 659 numina
1007 624 1055 660 A.
1083 622 1136 667 ΙΙ,
1161 635 1244 671 123.
1299 637 1378 673 quae
1396 623 1464 660 fint

831 688 873 711 ea
899 674 1034 711 moenia
1062 674 1111 712 A.
1141 674 1216 718 III,
1251 688 1334 712 100.
1392 674 1464 712 five

830 726 907 763 deae
937 726 1002 762 sint
1031 726 1089 762 seu
1119 726 1282 763 volucres
1312 726 1362 764 A.
1387 725 1463 769 III,

833 780 921 815 262.
962 791 1040 826 quae
1060 777 1127 814 fint
1144 777 1214 814 tibi
1233 787 1465 815 monumenta

832 842 1002 866 manuum
1032 842 1191 865 mearum
1214 829 1262 867 A.
1283 829 1356 874 III,
1372 831 1464 880 487.

832 882 913 917 effes
930 893 1003 930 quo
1019 880 1141 918 notior
1158 880 1237 917 Cir.
1256 894 1342 931 304.
1382 881 1467 919 effet

833 932 964 982 quibus
993 931 1140 969 ultimus
1167 932 1229 969 ille
1249 933 1323 969 dies
1342 932 1390 970 A.
1411 932 1466 978 H,

837 986 924 1033 248.
979 983 1070 1021 mihi
1100 983 1239 1032 Phyllis
1260 984 1304 1021 E.
1325 983 1379 1027 X,
1402 997 1464 1034 37.

835 1036 984 1086 dignuS,
1003 1035 1066 1086 qui
1079 1035 1161 1072 esset
1175 1035 1291 1073 laetior
1306 1036 1355 1072 A.
1370 1035 1466 1081 VH,

837 1089 926 1137 653.
980 1087 1042 1124 cui
1068 1087 1165 1124 haud
1192 1097 1293 1138 pater
1313 1087 1465 1125 Mezen-

838 1138 909 1175 tius
935 1139 1018 1176 effet
1051 1139 1100 1177 A.
1123 1138 1213 1184 VII,
1242 1139 1330 1190 654.
1383 1140 1468 1176 ess'et

839 1190 992 1228 Virbius
1010 1191 1110 1228 verso
1129 1189 1276 1227 nomine
1303 1192 1353 1228 A.
1372 1190 1467 1238 VII,

840 1255 930 1293 777.
967 1242 1048 1292 quis
1065 1242 1144 1280 esset
1162 1242 1309 1279 nuntius
1327 1242 1375 1281 A.
1389 1242 1467 1287 IX,

840 1298 929 1332 228.
984 1307 1049 1343 par
1078 1303 1160 1331 aetas
1186 1295 1236 1332 A.
1269 1293 1344 1338 XI,
1381 1308 1470 1347 174.

838 1345 878 1383 in
911 1346 1013 1383 terris
1043 1345 1142 1383 Ciris
1170 1346 1251 1384 Cir.
1283 1349 1373 1394 488.
1429 1356 1470 1384 ut

839 1397 923 1434 esset
956 1397 994 1434 in
1029 1397 1132 1434 terris
1164 1398 1235 1435 ales
1265 1397 1347 1435 Cir.
1379 1400 1470 1449 528.

840 1462 1058 1499 quamquam
1085 1450 1191 1486 essent
1209 1448 1264 1486 dis
1281 1449 1397 1499 geniti
1421 1449 1469 1490 A.

842 1499 915 1545 VI,
942 1514 1029 1552 394.
1083 1501 1147 1550 qui
1174 1500 1360 1539 suaderent
1385 1500 1470 1541 Cir.

843 1552 931 1603 367.
993 1552 1103 1589 fuerit
1132 1553 1385 1603 quodcumque
1417 1554 1470 1591 A.

843 1603 896 1648 II,
917 1617 978 1654 77.
1031 1617 1111 1654 quae
1137 1604 1247 1642 fuerit
1268 1605 1386 1642 minus
1404 1604 1470 1642 ob-

844 1655 904 1692 via
923 1655 1049 1692 Graiis
1079 1657 1126 1694 A.
1154 1656 1228 1701 III,
1248 1669 1337 1706 499.
1389 1656 1471 1707 quis

843 1707 947 1744 status
968 1706 1075 1744 fuerit
1093 1707 1202 1744 Latio
1226 1709 1275 1745 A.
1296 1707 1388 1752 VII,
1407 1713 1470 1757 38.

843 1758 954 1797 fucrit
982 1758 1071 1795 mihi
1098 1759 1217 1796 carior
1241 1760 1326 1797 Cat.
1359 1759 1471 1806 XIII,

847 1824 882 1859 3.
924 1810 1046 1848 debita
1065 1811 1140 1848 haec
1159 1811 1263 1861 pestis
1279 1812 1361 1849 Cir.
1379 1815 1472 1863 456.

813 1901 817 1904 ,
845 1862 936 1899 mihi
956 1863 1142 1899 decurrere
1160 1877 1286 1900 munus
1300 1864 1384 1901 Cat.
1399 1864 1472 1907 VI,

851 1927 883 1951 1.
916 1928 994 1963 quae
1012 1913 1145 1951 fuerint
1158 1914 1230 1952 fata
1247 1916 1296 1953 A.
1311 1915 1365 1959 H,
1383 1920 1470 1967 506.

845 1977 890 2001 ne
915 1965 1050 2002 fuerint
1077 1965 1144 2003 tibi
1165 1967 1255 2004 tanti
1275 1980 1382 2005 morae
1400 1966 1473 2004 dis-

844 2017 976 2068 pendia
1013 2018 1063 2055 A.
1100 2017 1176 2061 ΙΙΙ,
1210 2032 1298 2069 453.
1368 2018 1474 2057 novit

844 2082 924 2118 quae
950 2069 1031 2113 sint,
1058 2083 1136 2119 quae
1162 2069 1294 2107 fuerint
1317 2069 1370 2108 G.
1398 2070 1472 2117 IV,

846 2133 963 2207 3Χ93.ν
987 2134 1066 2170 quae
1098 2120 1350 2210 fufirsstnssnsshi
1381 2121 1477 2210 xl'ires

846 2191 867 2207 ιν
886 2199 894 2208 .
969 2200 980 2215 ,
1059 2187 1088 2210 ⁷.
1215 2187 1232 2210 e
1319 2187 1366 2210 on
1401 2187 1476 2212 aex‘a

843 2223 964 2261 fuisset
985 2187 1106 2264 KJII,
1129 2238 1189 2276 54.
1243 2238 1476 2276 quaecumque

847 2275 965 2312 fuiss'ct
986 2276 1035 2311 A.
1054 2275 1126 2318 III,
1147 2280 1235 2328 652.
1291 2277 1407 2313 fuiss'ct
1424 2278 1473 2313 A.

848 2326 921 2369 IV,
943 2330 1031 2375 603.
1087 2342 1130 2364 ne
1157 2327 1245 2378 quid
1275 2327 1391 2365 fuiss'ct
1418 2328 1476 2365 in-

848 2379 972 2415 ausum
994 2379 1041 2415 A.
1058 2378 1170 2424 VIII,
1188 2380 1275 2418 206.
1315 2379 1339 2417 fi
1359 2379 1478 2418 fuiffct

848 2443 933 2466 cura
971 2432 1019 2466 A.
1057 2429 1167 2475 VIII,
1207 2435 1293 2482 396.
1360 2431 1479 2469 fuiss‘ct

851 2481 956 2518 nobis
995 2482 1047 2518 fas
1083 2483 1132 2519 A.
1161 2482 1275 2528 VIII,
1309 2495 1396 2534 397.
1449 2481 1473 2520 fi

849 2532 967 2569 fuiffet
1011 2535 1173 2570 Fortuna
1214 2535 1263 2571 A.
1299 2534 1376 2578 IX,
1411 2548 1476 2582 41.

850 2584 970 2621 fuisset
1003 2585 1086 2622 satis
1119 2599 1268 2635 peccare
1311 2586 1360 2622 A.
1399 2584 1476 2630 IX,

859 2649 944 2685 140.
997 2637 1074 2674 dies
1110 2638 1257 2673 ultimus
1292 2636 1390 2672 bello
1426 2637 1477 2673 A.

853 2686 930 2728 IX,
949 2701 1037 2739 759.
1091 2701 1179 2724 vana
1198 2687 1356 2725 custodia
1374 2687 1479 2725 vobis

854 2738 934 2775 Cir.
960 2753 1042 2789 129.
1097 2739 1240 2776 fuissent
1265 2738 1407 2775 defensa
1426 2741 1477 2776 A.

852 2789 906 2836 ΙΙ,
940 2803 1028 2844 292.
1081 2791 1106 2827 fi
1135 2790 1211 2829 fata
1237 2793 1288 2831 A.
1316 2790 1369 2835 ΙΙ,
1389 2803 1478 2848 433.

1418 2854 1481 2882 CUI
