1835 3396
330 258 390 309 14
758 242 1325 292 PROOEMIUM

327 372 401 427 bis
426 376 715 426 carminibus
741 393 810 423 res
835 376 972 422 aliter
995 375 1236 438 procedat,-
1267 388 1412 438 quam
1436 377 1485 425 in
1510 379 1653 444 supe:-

326 464 529 512 'rioribus
552 459 888 513 voluminibus,
913 475 1025 504 cum
1048 458 1098 504 in
1116 459 1519 521 interpretationis
1538 464 1650 511 sub-

326 548 497 594 tilitate
518 543 668 607 major
694 542 834 588 studii
859 541 1002 587 nostri
1026 557 1132 603 pars
1158 541 1431 592 versaretur.
1506 546 1651 595 Redit

326 630 455 676 enim
492 629 594 673 haec
617 641 759 687 opera
784 623 877 669 fere
900 634 998 669 tota
1034 623 1094 669 ad
1128 624 1316 671 criticas
1348 627 1652 676 animadver-

326 711 490 765 fiones,
537 708 885 768 lechonemque
936 705 1316 753 constituendam
1371 710 1445 755 vel
1485 726 1652 758 emen-

324 791 549 838 dandam.
623 788 926 850 Propofirum
951 788 1109 850 itaque
1132 788 1278 835 velim
1304 790 1396 838 hoc
1421 792 1649 841 volumen

324 874 720 929 adolescentibus,
759 873 843 934 qui
881 873 926 918 in
960 871 1132 918 critico
1156 873 1310 920 studio
1333 891 1552 923 exercere
1575 877 1651 924 in-

323 960 465 1023 genia
508 959 689 1013 volunt,
732 969 981 1019 tamquam
1017 972 1264 1019 campum,
1301 958 1352 1004 in
1391 975 1487 1022 quo
1522 961 1650 1010 lusus

324 1043 463 1107 hujus
516 1042 709 1106 ingenui
765 1041 1036 1103 periculum
1093 1042 1287 1105 aliquod
1344 1043 1521 1091 faciant
1568 1056 1651 1092 aut

323 1126 514 1188 gustum
541 1123 703 1169 saltem
729 1122 814 1169 fibi
838 1136 1133 1186 comparent.

395 1207 636 1253 Cretcrum
674 1205 902 1251 molestiae
939 1205 986 1251 in
1026 1207 1116 1252 hoe
1151 1218 1197 1254 et
1223 1207 1524 1269 sequentibus
1548 1225 1653 1258 car-

325 1290 538 1338 minibus
556 1287 824 1334 enarrandis
842 1287 1124 1335 devorandae
1142 1288 1270 1337 fuere
1285 1290 1528 1354 plurimae,
1546 1291 1653 1338 lon·-

323 1393 477 1441 quue
501 1373 744 1428 maximae,
785 1384 1041 1434 antequam
1078 1370 1295 1419 leciionis
1330 1375 1568 1438 originem
1605 1383 1652 1423 et

324 1459 618 1525 progreffum
650 1457 711 1503 ad
746 1456 1132 1502 emendationem
1158 1456 1264 1504 satis
1290 1471 1511 1506 accurate
1533 1476 1654 1524 cog-

325 1544 516 1591 noscere
553 1541 733 1586 liceret.
818 1538 963 1586 Nunc
1005 1538 1113 1585 satis
1157 1540 1279 1587 mibi
1325 1541 1478 1605 liquet
1515 1543 1654 1590 Culia

327 1642 431 1674 cem
472 1623 629 1670 statim
668 1622 715 1669 in
753 1621 960 1667 editione
996 1621 1214 1685 principe
1239 1623 1505 1686 vulgatum,
1542 1624 1653 1672 inde

327 1709 375 1755 in
401 1707 561 1753 multis
590 1704 694 1750 aliis
733 1704 1025 1750 editionibus
1064 1705 1340 1767 repetitum,
1376 1707 1454 1753 vix
1491 1720 1651 1756 tamen

325 1792 543 1838 criticam
568 1805 765 1834 manum
791 1787 878 1833 effe
903 1800 1155 1850 expertum
1180 1801 1288 1835 ante
1315 1788 1367 1836 P.
1397 1790 1651 1838 Bembum.

326 1873 455 1921 Nam
505 1873 550 1919 in
597 1870 803 1918 Domitii
852 1869 1112 1926 Calderini,
1168 1870 1426 1934 Pomponii
1471 1873 1653 1932 Sabini,

329 1969 375 2003 et
426 1954 554 2001 ssadii
602 1952 811 2000 Ascenfii
856 1954 1216 2000 commentariis
1260 1967 1439 2017 praeter
1483 1956 1652 2019 vulga-

328 2055 429 2086 rem
471 2039 747 2085 varietatem
790 2039 910 2084 nihil
950 2039 1177 2095 occurrit,
1222 2039 1351 2102 quod
1387 2042 1445 2089 ad
1488 2058 1655 2089 emen-

329 2123 570 2170 dationem
611 2123 770 2185 poetae
806 2122 964 2170 faciat.
1035 2124 1245 2171 Bembus
1281 2135 1442 2172 autem
1479 2139 1657 2189 praeter

329 2205 532 2250 alterum
601 2205 737 2251 iilum
804 2206 1042 2265 codicem,
1120 2206 1203 2270 qui
1263 2219 1420 2254 totum
1490 2208 1654 2272 Virgi-

329 2289 449 2334 lium
475 2288 897 2350 complectebatur,
939 2291 1158 2338 codicem
1194 2291 1531 2354 perantiquum
1567 2291 1654 2338 ad-

329 2371 503 2424 hibuit,
531 2384 752 2418 truncum
778 2385 939 2421 tamen
963 2386 1009 2420 et
1035 2374 1328 2430 mutilatum,
1353 2374 1535 2436 quippe
1559 2373 1653 2430 cui,

330 2464 506 2514 praeter
546 2453 763 2514 juvenilis
817 2455 909 2500 ludi
964 2457 1184 2503 libellum
1240 2467 1286 2502 et
1333 2456 1555 2502 Bucolica
1598 2472 1652 2502 ac

333 2532 682 2595 Georgicorum
704 2535 851 2596 primi
886 2535 996 2583 libri
1022 2551 1226 2601 partem,
1261 2537 1379 2583 nibil
1417 2536 1653 2600 supererat

336 2615 485 2675 (conf.
548 2614 691 2661 Tom.
752 2618 790 2674 Ι,
858 2635 970 2682 pag.
1018 2619 1182 2677 LHI).
1288 2619 1436 2666 Liber
1492 2632 1654 2668 autem

331 2699 412 2746 ille
439 2698 663 2761 juvenilis
688 2700 787 2746 ludi
825 2703 1100 2749 continebat
1141 2703 1340 2761 Culicem,
1378 2701 1535 2759 Divus,
1573 2703 1654 2748 Co-

325 2795 444 2850 pam,
472 2784 545 2847 Est
566 2795 607 2831 ct
634 2786 744 2845 Non,
774 2790 851 2836 Vir
871 2790 1010 2846 bonus,
1047 2789 1281 2847 Morelum,
1306 2788 1455 2850 Rcffas.
1524 2786 1654 2834 Hrec

1552 2869 1653 2935 ipse
