1835 3396
436 264 1036 314 CATALECTA.

1312 278 1397 328 195

152 394 331 451 Verum
354 400 425 448 illi
448 400 646 448 domino
669 411 719 446 tu
742 414 932 462 quoque
954 398 1138 444 divitiae
1157 415 1169 444 z

84 486 174 540 Me
193 492 300 550 tibi,
325 503 371 538 et
390 491 474 538 hos
491 507 583 537 una
602 506 812 547 mecum,
833 501 878 534 et
891 504 1008 550 quos
1027 487 1211 550 semper
1228 489 1402 546 amati,

143 583 194 629 Si
216 583 334 646 quid
355 583 416 629 de
438 583 592 646 patria
613 581 787 628 tristius
811 579 1021 636 audiero,

81 669 400 728 Commendo,
434 672 483 717 in
515 670 778 734 primisque
796 681 1000 733 patrem.
1059 669 1134 716 Tu
1160 685 1284 715 nune
1311 670 1400 716 eris

271 760 358 817 illi,

1372 771 1396 819 5

141 850 346 898 Mantua
366 850 496 915 quod
520 851 687 909 fuerat,
711 850 933 914 quodque
959 852 1194 898 Cremona
1216 850 1365 914 prius.

687 1040 779 1087 XI.

330 1143 400 1174 AD
439 1142 493 1173 Μ.
531 1144 803 1175 VALERIUM
842 1138 1127 1177 MESSALAM.

68 1217 227 1272 Pauca
245 1216 384 1273 mihi,
419 1218 561 1263 niveo
582 1217 661 1262 sed
682 1235 778 1263 non
802 1221 1049 1281 incognita
1074 1220 1280 1279 Phoebo,

69 1361 169 1395 men,
205 1363 290 1387 cum
318 1362 364 1387 ex
384 1362 472 1400 agro
491 1349 701 1387 Mantuano

68 1402 242 1452 affignato
262 1401 442 1438 militibus
456 1402 616 1439 Romam
627 1401 700 1438 dis-

66 1453 224 1491 cederet.
279 1451 391 1489 Extat
404 1465 548 1502 quoque
566 1453 605 1490 in
618 1454 697 1490 An-

66 1505 160 1542 thol.
177 1504 374 1542 Burmann.
394 1505 463 1542 lib.
480 1504 553 1549 ΙΙΙ,
578 1505 696 1556 epigr.

67 1555 296 1594 CCXLIX.
335 1556 380 1592 In
395 1570 429 1595 v.
450 1569 470 1594 2
492 1567 562 1593 tum
578 1573 699 1609 quoque

65 1606 157 1646 bene
172 1607 318 1647 emend.
337 1607 398 1657 Jo.
420 1607 614 1646 Schrader.

69 1737 72 1740 -
115 1710 210 1750 Vid.
238 1710 394 1751 Anthol.
424 1711 507 1750 Lat.
537 1710 604 1750 lib.
641 1712 694 1758 II,

63 1763 182 1814 epigr.
209 1762 383 1801 CXXII.
437 1763 604 1814 Virgilio
641 1774 695 1802 at-

62 1814 243 1853 tributum
262 1815 310 1851 est
328 1828 350 1852 a
367 1815 528 1860 Pithoeo,
542 1815 605 1866 qui
619 1818 695 1867 post

61 1866 205 1904 Aldum
221 1865 358 1910 edidit,
377 1867 462 1905 hinc
474 1881 495 1904 a
507 1868 694 1918 Scaligero

60 1926 100 1956 et
129 1917 223 1957 aliis.
278 1917 446 1970 Virgilio
474 1930 593 1956 tamen
620 1933 693 1957 non

61 1978 197 2007 temere
214 1969 492 2008 adscribendum
505 1971 586 2015 esse,
608 1984 693 2008 cen-

62 2020 164 2058 sebat
194 2020 392 2060 Burmann.
434 2025 515 2061 Sec.
572 2023 693 2060 Dubi-

63 2073 140 2110 tavi
159 2073 358 2124 aliquando
397 2076 459 2121 (ad
488 2074 633 2112 Tibull.
654 2089 692 2125 p.

66 2127 176 2176 177),
205 2137 251 2161 an
281 2125 432 2163 omnino
450 2140 469 2163 a
485 2137 604 2163 vetere
624 2128 689 2163 ali-

61 2188 137 2226 quo
166 2177 276 2227 poeta
291 2177 362 2215 hoc
381 2190 527 2214 carmen
545 2178 690 2228 profec-

60 2236 141 2264 tum
157 2229 252 2266 esset.
295 2229 367 2266 Sed
384 2230 431 2266 ad
450 2229 583 2266 seriora
601 2240 691 2267 tem-

59 2291 151 2329 pora
181 2279 244 2317 vix
274 2280 408 2317 retrahi
438 2281 550 2332 potest
571 2291 688 2319 tantus

57 2331 236 2369 orationis
271 2333 401 2371 cultus.
458 2332 573 2370 Nunc
609 2343 688 2372 toto

59 2382 222 2420 carmine
273 2383 490 2434 diligentius
542 2386 687 2422 excusso

58 2433 240 2486 Augustei
265 2434 386 2473 saeculi
410 2435 527 2474 fetum
559 2438 687 2487 agnos-

59 2496 140 2522 cere
157 2487 250 2524 mihi
268 2487 395 2525 videor
417 2487 527 2524 etiam
546 2489 585 2524 in
603 2498 683 2526 toto

59 2535 138 2585 ejus
157 2539 281 2575 colore
297 2549 331 2576 et
350 2539 490 2577 habitu.
547 2539 686 2590 Depre-

58 2586 234 2626 henditur
250 2589 348 2628 enim
378 2592 416 2628 in
436 2591 611 2642 plerisque
631 2591 686 2629 his

57 2640 245 2690 poe‘mafin
278 2641 378 2679 istius
419 2643 533 2680 aetatis
569 2643 683 2681 sermo

57 2690 248 2730 Romanus
270 2693 315 2730 ad
335 2693 553 2746 dignitatem
571 2704 607 2732 et
626 2708 682 2732 or-

57 2750 183 2780 natum
218 2744 411 2783 verborum
443 2745 682 2797 numerosque

56 2794 221 2844 poeticos
250 2796 398 2846 egregie
425 2808 678 2848 comparatus:

57 2854 95 2884 nt
107 2844 147 2883 in
165 2855 243 2885 tota
259 2847 430 2889 carminis
442 2848 596 2896 summa,
625 2850 679 2889 in-

765 1364 838 1401 que
854 1362 1070 1402 argumcuto
1091 1366 1146 1398 ea,
1167 1367 1236 1403 qua
1258 1367 1321 1404 par
1335 1355 1398 1398 est.

769 1403 878 1454 copia
889 1416 924 1440 et
939 1404 1076 1442 iumine
1091 1406 1265 1442 orationis
1281 1409 1398 1457 expli-

769 1455 886 1492 cando
911 1467 947 1492 et
979 1456 1135 1493 feliciter
1153 1457 1396 1508 disponendo.

768 1506 914 1556 ejusque
927 1509 1095 1545 membris
1110 1511 1395 1560 commodejun-

767 1559 894 1609 gendis
904 1570 938 1596 et
954 1572 1124 1611 perpetuo
1137 1561 1234 1611 quasi
1246 1562 1395 1600 vinculo

765 1612 1131 1661 comprehendendis,
1150 1626 1259 1657 porro
1280 1614 1318 1651 in
1339 1615 1396 1652 di-

764 1662 859 1700 lectu
891 1676 1008 1700 rerum
1037 1665 1092 1701 vel
1122 1664 1394 1712 sententiarum,

764 1727 846 1764 quae
876 1715 1035 1752 carmine
1067 1715 1224 1753 feliciter
1247 1720 1392 1757 traeiari

763 1766 907 1816 poffint,
946 1781 1076 1818 magna
1093 1769 1250 1806 cernitur
1279 1770 1393 1822 impe-

765 1817 862 1856 ritia.
919 1819 1010 1856 Haec
1028 1821 1152 1857 eadem
1170 1819 1208 1856 in
1227 1823 1294 1858 hac
1320 1825 1392 1860 eie-

763 1869 825 1920 gia
843 1882 1051 1915 occurrunt,
1069 1872 1110 1908 in
1125 1885 1194 1921 qua
1210 1872 1389 1913 summum

763 1922 937 1959 orationis
973 1924 1111 1960 cultum
1147 1934 1183 1960 et
1223 1936 1391 1964 ornatum

762 1974 892 2012 merito
927 1974 1090 2021 mirer{s;
1132 1975 1317 2024 judicium
1355 1989 1391 2016 et

761 2024 998 2062 subtilitatem
1014 2027 1051 2063 in
1064 2027 1233 2064 carminis
1250 2029 1389 2067 summa

759 2077 906 2127 ejusque
937 2078 1099 2128 partib-is
1129 2081 1391 2120 constituendis

759 2127 868 2166 facile
904 2129 1092 2167 defidercs.
1150 2131 1254 2169 Licet
1290 2135 1389 2170 enim

759 2179 873 2226 dicas,
891 2181 1061 2218 excidisse
1081 2182 1196 2219 videri
1215 2188 1388 2223 nonnulla

757 2241 792 2268 et
821 2233 961 2270 lacunis
989 2247 1131 2271 carmen
1164 2235 1286 2274 hiare:
1335 2251 1387 2274 ta-

758 2296 839 2319 men
876 2284 984 2328 illud,
1022 2286 1122 2335 quod
1159 2287 1209 2325 vs.
1258 2303 1298 2326 21
1341 2291 1386 2327 de

757 2336 872 2384 puella
892 2350 976 2374 cum
991 2337 1149 2375 heroinis
1172 2352 1386 2390 comparan-

756 2386 804 2422 da
823 2387 999 2438 sequitur,
1023 2390 1188 2438 jejunum
1203 2393 1250 2428 est
1271 2406 1331 2442 per
1350 2394 1385 2431 se

755 2448 789 2474 ct
809 2439 853 2475 ad
873 2439 1055 2477 fastidium
1081 2453 1280 2480 extremum
1300 2458 1383 2494 pro-

755 2492 922 2528 tracffum.
979 2492 1138 2529 Ixiesshire
1168 2494 1382 2546 inscriptum

754 2542 820 2578 esse
852 2556 995 2580 carmen
1026 2558 1071 2580 ex
1101 2545 1151 2582 vs.
1189 2560 1240 2593 40
1274 2560 1381 2596 putet.

754 2592 907 2637 Verum,
943 2609 988 2632 an
1017 2597 1063 2632 ad
1096 2596 1154 2633 M.
1190 2597 1380 2636 Valerium

751 2644 940 2683 Meffalam
979 2648 1071 2684 illud
1108 2649 1283 2699 scripturn
1322 2651 1380 2695 fit,

748 2696 917 2734 dubitavi
937 2699 1151 2747 ali-quando,
1170 2703 1267 2749 quod
1282 2702 1379 2738 Mes-

749 2748 829 2785 salre
841 2749 941 2786 istius
961 2750 1055 2787 faeta
1073 2764 1115 2788 ac
1130 2752 1223 2788 belizi
1238 2766 1307 2790 non
1325 2766 1378 2790 at-

747 2799 866 2850 tingat
883 2813 938 2845 ea,
963 2816 1042 2853 quae
1061 2815 1105 2839 ex
1122 2803 1269 2840 historia
1288 2816 1377 2841 nota

746 2851 842 2888 sunt.
897 2852 966 2891 Sed
1007 2854 1165 2904 primum
1203 2868 1275 2892 non
1313 2869 1377 2893 oc-

787 2915 812 2939 n
833 2915 853 2942 z
1267 2907 1379 2945 currit
