1835 3396
553 248 651 297 IN
720 244 1186 296 CULtcEM.
1478 260 1537 312 ῃ

215 383 268 435 in
287 384 470 440 Culice,
487 380 636 446 cujuS‚
654 380 689 427 fi
708 380 831 427 reete
844 378 1030 443 judico,
1048 377 1155 440 plus
1172 393 1317 440 quam
1334 377 1542 426 dimidia

214 484 322 533 pars
345 464 577 531 ejusmodi
600 461 1000 510 Scholasticorum
1017 460 1222 508 versibus
1241 461 1541 509 consarcina-

216 563 264 598 ta
281 550 361 597 est.
432 545 601 595 Versus
624 545 710 591 hos
733 554 814 590 aut
834 543 957 589 inter
980 542 1126 589 lineas
1150 554 1229 588 aut
1253 542 1300 588 in
1320 544 1540 606 margine

215 633 479 696 adscriptos
509 627 688 676 librarii
713 626 908 682 indocti,
938 626 1020 688 qui
1053 624 1276 672 codicem
1300 625 1544 674 describe..

216 718 346 774 bant,
368 715 490 762 forte
514 713 660 760 etiam
683 722 738 757 ut
761 710 1027 774 pleniorem
1051 709 1272 756 codicem
1296 710 1542 758 venditare

214 797 415 862 possent,
449 795 497 842 in
536 794 694 857 ipsum
723 807 916 840 carmen
950 790 1252 847 infe1·serant;
1293 804 1436 855 atque
1474 793 1541 842 fic

215 881 390 938 evenit,
410 892 463 926 ut
487 879 605 926 illud
636 876 978 940 interpolatum
1002 875 1170 923 misere
1192 888 1239 923 et
1264 878 1410 924 modo
1436 895 1541 926 ver·-

215 964 340 1012 fibus
377 943 483 1010 satis
524 961 679 1018 bonis,
718 959 866 1007 modo
898 958 1078 1005 inscitis
1118 971 1164 1005 et
1199 960 1419 1019 indocsti5‚
1457 973 1540 1010 aut

215 1049 406 1108 hiulcis,
445 1061 492 1096 et
528 1047 718 1105 scabris,
756 1046 994 1093 foedatum
1029 1044 1089 1092 ad
1125 1062 1210 1093 nos
1249 1047 1539 1109 perveniret.

217 1133 365 1198 Qod
387 1148 482 1180 non
503 1129 886 1179 animadversum
911 1128 1067 1175 fraudi
1098 1128 1190 1176 fuit
1224 1129 1335 1177 viris
1370 1130 1542 1190 doctis,

216 1234 354 1281 quos,
391 1229 492 1264 tam
528 1214 730 1263 diversae
766 1227 894 1261 notae
933 1225 1178 1260 monetam
1216 1214 1384 1262 eodem
1432 1216 1544 1263 loco

214 1301 456 1357 habentes,
480 1300 527 1346 in
552 1298 717 1346 multis
742 1297 976 1361 trepidare
991 1297 1172 1344 neceffe
1203 1297 1309 1345 fuit.
1382 1299 1543 1346 Facile

215 1382 334 1430 adeo
357 1399 414 1428 ex
440 1382 511 1428 his
534 1380 688 1444 potest
712 1379 935 1442 intelligi,
973 1378 1178 1425 fundum
1201 1380 1398 1442 quidem
1434 1397 1540 1429 car-

216 1467 361 1515 minis
385 1465 473 1513 effe
503 1463 632 1528 poffe
655 1463 875 1511 Culicem
900 1462 1040 1509 illum
1074 1461 1427 1521 Maronianum,
1460 1465 1541 1513 sed

216 1563 415 1598 attextas
433 1549 521 1596 effe
545 1565 571 1594 a
586 1546 887 1595 Scholasticis
915 1557 961 1592 et
981 1545 1326 1594 Grammaticis
1344 1548 1542 1595 lacinias

216 1635 465 1701 plurimas,
487 1632 661 1696 quibus
685 1629 867 1694 priscus
898 1629 1122 1676 carminis
1149 1629 1277 1677 nitor
1306 1630 1546 1694 plerisque:

218 1721 268 1767 in
293 1720 409 1768 locis
433 1718 698 1766 admodum
720 1717 908 1763 attritus
931 1728 984 1763 ut
1004 1715 1058 1762 fit
1083 1716 1262 1762 necesse
1283 1717 1364 1764 est.

283 1806 444 1868 Atque
480 1805 586 1851 haec
611 1802 710 1866 ipsa
745 1801 943 1860 faciunt,
980 1813 1033 1848 ut
1070 1801 1151 1848 vix
1185 1817 1299 1848 cum
1334 1802 1542 1849 delecta„

216 1887 359 1945 tlone,
386 1903 475 1934 nec
499 1887 586 1934 nifi
609 1887 668 1933 ab
693 1903 764 1942 eo,
797 1885 881 1949 qui
900 1885 1006 1950 jam
1030 1884 1329 1948 aliquantum
1347 1885 1395 1931 in
1420 1885 1542 1948 po'e'-

217 1983 371 2017 tarum
409 1969 611 2016 lectione
645 1967 852 2015 versatus
890 1967 962 2025 fit,
1002 1967 1097 2030 legi
1134 1965 1270 2028 poffit
1310 1967 1401 2013 hoc
1436 1984 1543 2016 car-

218 2069 331 2100 men
345 2054 384 2098 *.
455 2052 589 2098 Male
613 2051 741 2099 enim
766 2051 1007 2098 cohaerent
1037 2061 1108 2097 tot
1131 2049 1278 2113 panni
1302 2067 1329 2096 a
1348 2051 1542 2098 diversis

219 2134 493 2181 hominibus
514 2134 663 2190 assuti,
698 2145 744 2180 et
767 2145 889 2180 natae
913 2133 1020 2180 sunt
1053 2148 1111 2179 ex
1136 2149 1191 2181 eo
1215 2133 1320 2197 ipso
1343 2150 1544 2200 corrup-

219 2217 329 2264 telae
360 2216 582 2263 dictionis
619 2227 665 2262 et
699 2217 946 2265 sententiae
981 2215 1240 2280 plurimae3
1274 2230 1328 2266 ut
1348 2218 1466 2266 adeo
1489 2221 1543 2267 in

1466 2306 1541 2355 his

274 2444 297 2466 *²
327 2435 451 2476 Patrio
487 2438 663 2485 sermone,
703 2442 844 2479 odonis

220 2492 374 2530 versibus
389 2491 427 2528 in
437 2491 595 2542 strophas
611 2493 844 2537 coeuntibus,

221 2543 405 2581 redditum
450 2545 499 2581 est
538 2545 607 2582 hoc
649 2558 794 2582 carmen
825 2560 845 2582 a

909 2443 1006 2480 mine
1024 2443 1218 2480 vernaculo
1235 2441 1398 2486 reddere,
1430 2458 1542 2495 quam

909 2495 1019 2532 verba
1061 2495 1244 2532 subtiliter
1296 2496 1540 2546 interpretari.

912 2545 1022 2583 Nihil
1054 2545 1153 2583 enim
1185 2546 1327 2584 vetabat
1348 2548 1542 2589 sententiam

222 2595 412 2646 Spensero,
431 2601 541 2645 poeta
561 2596 676 2634 nobili
707 2597 846 2634 Britan-

220 2660 268 2684 no
309 2646 478 2698 (Virgsl's
518 2649 653 2695 Gaemt),
699 2649 736 2685 in
769 2650 846 2698 ejus

221 2699 322 2750 Opp.
366 2699 448 2735 Nec
468 2699 539 2736 fine
553 2700 735 2749 voluptate
755 2700 846 2737 illud

221 2751 329 2789 facile
368 2751 543 2801 perlegas.
612 2752 721 2788 Adeo
754 2751 846 2788 mihi

223 2803 278 2840 vel
294 2802 362 2840 hoc
377 2804 542 2853 exemplo
560 2803 693 2854 patuit,
712 2814 847 2853 quanto

221 2855 424 2906 expeditim
458 2855 538 2893 effet
578 2856 725 2907 poetam
765 2867 845 2894 car-

911 2598 1066 2648 integras
1086 2597 1289 2636 summatim
1309 2600 1431 2638 efferre
1449 2603 1538 2650 ejus-

912 2663 954 2687 ve
971 2661 1087 2699 partes
1118 2649 1158 2686 in
1187 2664 1439 2701 quemcunque
1465 2654 1540 2703 pla*

913 2712 1009 2738 ceret
1054 2701 1192 2738 sensum
1235 2702 1434 2749 deflectere,
1478 2715 1541 2741 aut

912 2753 1023 2791 verba
1061 2763 1230 2802 corrupta
1262 2755 1355 2806 aptis
1385 2766 1422 2794 ct
1460 2755 1540 2795 ido-

912 2804 988 2844 neis
1005 2816 1225 2857 permutare.
