1835 3396
371 186 461 246 258
513 181 794 229 RECENS.
818 181 1118 231 PARERG.
1147 183 1241 230 ET
1270 183 1693 248 ORNAMEN'IJ,

523 320 557 355 C
559 319 692 358 ruribus
707 319 818 364 exilis,
831 321 982 370 spatiosa
1000 320 1144 372 prodiga
1154 319 1280 370 planta
1297 335 1309 366 ;

522 380 699 418 Continuis
726 386 816 418 rimis
843 380 1002 419 calcanea
1020 380 1307 433 stffi1¹zgebant.

301 460 306 467 ¹
365 455 612 506 Cognoscitur
628 471 671 494 ex
701 457 767 494 illo
793 457 891 499 lom,
920 469 964 493 ex
987 456 1222 494 interioribus
1248 457 1388 496 Africae
1405 457 1569 510 partibus
1585 470 1690 506 mam

364 515 465 565 cipia
492 517 569 566 jam
588 526 665 554 tum
685 516 724 553 in
753 515 899 552 ltaliam
919 515 1114 565 importata
1134 515 1250 561 fuisse,
1287 517 1326 554 in
1345 517 1442 568 agris
1461 530 1608 568 quoque
1625 517 1689 555 ha-

363 572 458 619 bita,
485 576 595 613 etiam
615 576 776 614 feminas.
838 574 895 610 Ex
934 573 1096 626 Nigritis
1129 576 1256 613 nostris
1273 576 1467 614 oriundam
1484 578 1641 628 puellam
1667 589 1690 629 ᾳ

363 637 473 683 po'e'ta
506 635 724 685 descriptam
756 633 903 671 dixeris.
957 635 1038 682 Jam
1066 636 1104 672 in
1134 635 1205 672 illis
1223 635 1379 686 gemmis
1400 646 1509 686 caput
1527 636 1688 681 feminae,

363 707 443 743 quae
459 694 496 731 in
517 694 658 732 deliciis
676 693 828 742 alicujus
847 693 919 730 viri
940 693 1042 730 fuiss'e
1071 694 1230 740 videtur,
1268 694 1411 746 capillis
1429 694 1591 745 intortis,
1624 687 1689 732 dess

361 754 476 804 press‘o
508 754 609 798 naso,
651 752 873 797 tumentibus
903 753 1007 802 genis
1040 763 1077 789 et
1107 767 1182 797 ore,
1228 753 1368 804 insigne
1401 755 1461 792 est.
1515 754 1688 807 Alterum

363 822 483 850 autem
510 823 619 864 caput
644 811 751 849 virile
773 824 835 848 ore
864 821 1003 848 tantum
1026 812 1170 849 tumido
1188 821 1224 850 et
1249 813 1356 850 tortis
1383 813 1525 863 capillis
1543 813 1688 868 conspi-

363 885 488 914 cuum,
534 871 618 909 naso
652 883 694 908 ac
737 870 858 907 fronte
901 870 1010 908 aliam
1052 871 1193 909 Africae
1227 872 1457 923 provinciam
1501 873 1689 925 profitetur

359 932 529 986 patriann

419 1089 499 1127 XV
502 1091 553 1129 Π.
601 1106 638 1143 p.
673 1105 762 1144 259.
805 1095 857 1130 ad
883 1094 991 1141 fhzem
1022 1092 1183 1141 Recensus
1211 1094 1438 1144 Parergorum
1453 1105 1467 1129 .·
1514 1091 1690 1144 Αρροῇῐζ

364 1151 412 1189 est
440 1153 516 1190 Ara
548 1151 840 1204 Tranquillitatis,
868 1153 912 1190 ad
933 1166 1043 1203 quam
1059 1161 1094 1189 et
1113 1151 1206 1189 mihi
1225 1152 1347 1189 labore
1365 1152 1535 1189 exhausto
1559 1151 1689 1189 confu-

362 1223 462 1261 gere,
489 1221 539 1257 εἴ,
567 1213 668 1263 quod
686 1212 834 1264 superest
846 1213 931 1249 vitae
949 1221 1004 1249 tot
1016 1211 1283 1262 tempestatibus
1296 1213 1453 1261 jaciam,
1480 1211 1689 1254 consumere

362 1271 471 1310 liceat
487 1272 495 1308 Ξ
515 1275 622 1324 —fit
641 1289 722 1309 meae
735 1275 830 1322 sedes
857 1279 987 1310 atinam
1001 1276 1147 1321 senefiae
1160 1274 1178 1308 !
1224 1273 1277 1309 Sit
1294 1275 1401 1311 modus
1414 1272 1492 1324 ltffi
1507 1295 1560 1302 —-
1576 1271 1689 1324 Extat}

363 1343 482 1370 autem
502 1346 563 1370 ara
579 1333 618 1370 in
634 1334 748 1383 Museo
767 1333 956 1383 Capitolino
973 1331 1018 1370 T.
1038 1333 1107 1370 IV.
1161 1331 1335 1369 Occurrit
1352 1342 1472 1370 tamen
1494 1331 1570 1379 jam
1589 1331 1690 1382 apud

363 1391 575 1429 Montfauc.
605 1393 651 1430 T.
685 1393 743 1430 II.
769 1393 857 1431 Ant.
889 1393 979 1443 expl.
1012 1392 1086 1431 tab.
1125 1406 1188 1444 5¹1.
1233 1401 1271 1430 et
1302 1391 1482 1444 Vulpium
1513 1392 1554 1429 in
1587 1392 1690 1445 Latio

362 1452 425 1491 To.
453 1452 536 1490 III.
561 1452 636 1490 tab.
659 1465 719 1505 179
1182 1444 1185 1445 ⁷

416 1603 566 1642 XVIII.
605 1618 642 1656 p.
671 1605 759 1656 695.
789 1604 957 1653 adfinem
985 1603 1124 1642 Indicis.
1177 1603 1223 1643 In
1253 1605 1322 1642 fine
1341 1605 1459 1655 operis
1474 1614 1547 1646 tam
1576 1607 1686 1645 variae

366 1664 649 1715 multiplicisque
681 1676 798 1714 operae
824 1663 849 1700 fi
887 1676 1006 1713 aequos
1034 1663 1177 1712 judices
1208 1666 1453 1715 expectamuS,
1480 1664 1590 1709 nihil,
1617 1665 1685 1703 nist

365 1725 466 1773 quod
485 1737 626 1774 aequum
646 1723 703 1767 fit,
732 1722 796 1773 ipfi
825 1723 1000 1773 postulare
1031 1723 1254 1762 videbimur.
1310 1723 1368 1761 De
1401 1725 1540 1763 summa
1567 1726 1687 1776 operis

367 1783 461 1820 mihi
480 1784 603 1821 videre
622 1782 704 1820 satis
720 1783 810 1827 fuit3
841 1784 879 1820 in
916 1783 1065 1834 singulis
1094 1784 1182 1821 locis
1215 1784 1342 1821 limata
1370 1784 1454 1822 satis
1469 1785 1594 1823 afferre
1611 1798 1685 1831 non

365 1843 486 1881 licuit.
542 1844 600 1880 Est
623 1843 747 1893 itaque
766 1843 951 1888 Minerva,
969 1844 1007 1881 in
1027 1844 1171 1895 paribus
1188 1843 1367 1896 suffragiis
1391 1844 1575 1895 judicum,
1609 1845 1683 1883 cal-

364 1904 487 1941 culum
507 1904 608 1940 suum
629 1903 847 1940 absolvendo
868 1916 928 1941 reo
946 1917 1145 1954 opponens·
1200 1903 1315 1941 Petita
1333 1904 1380 1941 cst
1397 1917 1442 1941 ex
1460 1905 1607 1942 lucerna
1624 1918 1686 1956 ap.

365 1964 564 2002 Bellorium
602 1965 744 2001 Lucem.
779 1975 851 2001 (ml.
884 1966 929 2002 P.
950 1965 1009 2001 II.
1030 1964 1101 2002 tab.
1131 1978 1194 2014 40.
1251 1964 1326 2001 Etsi
1344 1974 1379 2000 et
1398 1963 1486 2001 alibi
1504 1964 1602 2002 idern
1628 1979 1685 2003 ar-

362 2034 576 2075 gumentum
604 2023 744 2067 visitur,
773 2034 812 2059 ut
830 2023 869 2060 in
897 2023 1042 2062 Galeria
1069 2026 1283 2075 Gizgsliniana
1315 2024 1377 2061 To.
1407 2024 1464 2062 II.
1493 2024 1566 2062 tab.
1599 2039 1686 2074 132.

366 2086 550 2122 Caeterum
585 2082 640 2119 his
673 2095 816 2132 quoque
851 2083 1026 2134 exemplis
1061 2083 1221 2134 intelligi
1255 2084 1383 2134 potest,
1426 2096 1535 2134 quam
1569 2097 1684 2135 pauca

363 2157 484 2183 terum
513 2152 726 2193 argumenta
744 2142 825 2187 flur,
853 2147 1044 2193 poetarum
1060 2144 1194 2194 pariter
1217 2155 1252 2181 et
1272 2144 1448 2194 pictorum
1469 2157 1510 2181 ac
1527 2143 1685 2196 sculpto-

365 2220 445 2244 rum
465 2204 620 2255 ingeniis
636 2212 672 2239 et
699 2203 858 2241 consiliis
877 2203 928 2241 ita
947 2213 1196 2256 attemperata,
1240 2214 1280 2241 ut
1307 2204 1352 2241 ab
1371 2204 1529 2255 utrisque
1547 2215 1609 2243 aut
1624 2219 1687 2244 ea-

364 2268 465 2309 dem,
493 2274 552 2300 aut
570 2263 698 2300 eodem
719 2264 830 2300 modo
857 2276 898 2300 ac
926 2263 1081 2300 succeffu
1112 2263 1279 2301 adhiberi
1303 2263 1429 2313 poffint
1454 2273 1491 2300 et
1515 2265 1683 2312 trac‘tari3

365 2327 431 2365 nisi
453 2325 546 2362 forte
563 2323 601 2360 in
619 2321 678 2364 iis,
707 2335 788 2372 quae
802 2322 846 2359 ab
865 2322 920 2359 his
938 2332 1125 2374 optantur,
1155 2323 1271 2360 multo
1289 2322 1458 2373 pauciora
1479 2322 1574 2368 sunt,
1601 2338 1683 2376 quae

363 2383 485 2424 ornari
503 2383 631 2433 poll'int
649 2395 667 2418 a
687 2385 814 2431 poeta,
841 2382 943 2432 plura
961 2392 1080 2419 autem
1100 2382 1137 2419 in
1155 2381 1274 2433 politis
1291 2392 1502 2426 occurrunt,
1518 2396 1598 2434 quae
1614 2397 1681 2423 nec

366 2445 485 2483 minus
503 2441 650 2479 artificis
671 2454 793 2486 manu,
821 2440 881 2478 sed
896 2442 969 2478 alio
990 2442 1117 2486 modo,
1146 2443 1293 2478 traftata
1308 2440 1495 2480 nitescant.
1542 2443 1682 2483 Verum

364 2505 423 2542 vel
458 2502 522 2546 fic,
560 2500 597 2537 in
633 2499 771 2551 picium
801 2501 976 2546 maxime,
1006 2502 1108 2553 plura
1140 2501 1310 2538 accedere
1343 2503 1476 2539 necesse
1512 2504 1574 2547 est,
1601 2518 1683 2555 quae

366 2576 484 2601 rerum
511 2569 721 2610 argumenta
755 2571 816 2597 aut
836 2560 1034 2598 nobilitent
1063 2570 1124 2598 aut
1152 2561 1291 2598 varient
1320 2571 1383 2598 aut
1409 2562 1680 2601 commendent.

364 2624 447 2662 Nifi
466 2621 562 2660 enim
580 2619 654 2670 ipsa
674 2633 725 2656 res
743 2629 803 2656 aut
822 2621 1099 2659 admirationem
1120 2621 1244 2665 faciat,
1270 2631 1331 2657 aut
1357 2621 1581 2671 voluptatem
1601 2634 1681 2660 mo-

363 2693 462 2727 veat,
489 2680 673 2731 sensusque
700 2681 890 2717 oculorum
907 2691 943 2718 et
971 2681 1086 2719 animi
1106 2691 1238 2724 teneat,
1265 2694 1320 2718 ars
1348 2680 1420 2718 sola
1446 2681 1575 2733 friget3
1615 2683 1681 2721 etsi

1607 2757 1682 2783 non
