1835 3396
459 183 1040 258 CATALECTA

1328 205 1415 265 189

97 346 485 409 Marmoreusque
508 343 614 397 tibi,
643 341 749 396 Idea,
781 337 1142 386 versicoloribus
1165 335 1268 393 alis,

163 441 220 487 In
244 453 428 484 morem
452 433 578 498 picta
603 431 742 477 stabit
766 429 919 477 Amor
942 427 1174 491 pharetra.

1360 438 1419 471 10

97 527 254 584 Adfis,
288 542 317 572 o
343 524 575 586 Cytherea
595 521 607 566 l
643 534 748 566 tuus
768 531 814 565 te
835 518 993 565 Caesar
1016 516 1247 579 Olympo,

164 615 231 664 Et
249 613 512 662 Surrentini
536 612 692 659 litoris
714 627 810 667 ora,
844 622 997 657 vocat.

698 793 812 860 vn

215 901 453 934 RELICTIS
489 901 631 932 ALIIS
669 898 874 931 STUDIIS
912 895 1304 930 PHILOSOPHIAM

391 995 690 1027 EPICUREAM
729 991 1121 1025 AMPLECTITUR.

96 1068 172 1118 Ite
194 1068 324 1126 hInc,
358 1069 516 1116 inanes
540 1069 782 1116 rhetorum
810 1065 1029 1129 manipli,

99 1156 270 1206 Inflata
292 1174 393 1205 rore
417 1175 514 1206 non
535 1159 750 1206 Achaico
774 1157 930 1204 turba.

151 1307 190 1345 9.
223 1307 283 1332 10.
312 1294 502 1332 Habemus
537 1294 654 1346 igitur
688 1304 726 1332 et

98 1344 160 1383 hic
177 1360 416 1384 marmoreum
435 1347 575 1397 signum
590 1347 724 1384 colori·
738 1376 743 1381 .

100 1396 168 1435 bus
185 1398 335 1443 additis,
377 1412 449 1436 non
484 1411 555 1436 tam
592 1399 630 1434 in
661 1399 727 1436 alis

99 1450 363 1500 evetficoloribus,
403 1464 482 1501 quae
510 1450 652 1501 poetice
682 1463 726 1488 eo

98 1502 260 1552 epitheto
279 1512 467 1545 ornantur,
506 1503 562 1540 sed
581 1502 619 1539 in
631 1508 729 1553 μαῖα

93 1554 273 1603 pharetra.
330 1553 425 1591 Noli
447 1555 570 1605 itaque
603 1554 728 1591 mirari

100 1604 261 1642 Dianam
280 1619 516 1643 marmoream
540 1605 727 1643 cothurnis

98 1657 264 1708 puniceis
282 1658 413 1709 Eclog.
440 1657 533 1701 VII,
567 1671 628 1706 30.
668 1673 727 1707 31,

99 1722 166 1746 nec
181 1722 274 1760 aegre
291 1709 400 1754 ferre,
429 1723 485 1747 me
504 1711 548 1746 de
561 1709 727 1747 Maronis

93 1759 242 1808 judicio
274 1772 310 1798 et
343 1762 448 1813 gustu
475 1761 664 1812 sculptura:
685 1775 727 1801 ac

99 1811 247 1902 {gum
263 1813 436 1852 dubitasse
453 1814 500 1852 ad
523 1813 609 1851 libr.
630 1813 727 1852 VIII

156 1929 215 1956 11.
239 1931 298 1956 12.
324 1928 398 1955 tuus
415 1927 446 1954 te
472 1917 596 1967 Caesar
611 1918 727 1968 Olym-

94 1978 315 2018 po—wcat:
344 1983 432 2014 non,
470 1980 574 2020 puto,
611 1969 730 2018 Julius
761 2000 765 2004 .

101 2019 236 2067 Caesar,
265 2021 404 2059 Divus:
451 2032 490 2058 ut
519 2021 548 2058 is
565 2023 653 2058 caelo
673 2036 730 2058 re-

101 2083 226 2123 ceptus
244 2073 380 2111 Veneri
398 2072 573 2123 supplicet
588 2087 597 2110 ;
628 2073 728 2110 sauc-

100 2133 223 2162 torum
243 2138 357 2169 more,
384 2125 447 2174 qui
477 2125 513 2162 in
545 2125 633 2162 caelo
665 2139 726 2162 (ie-

101 2186 209 2226 gunt.
281 2178 351 2214 Sed
391 2175 511 2214 Caesar
546 2178 728 2226 Augustus

101 2227 180 2278 ipse
199 2228 528 2267 invocatVenerem
541 2229 578 2265 in
594 2231 726 2277 Olym-

101 2293 151 2330 po
181 2280 384 2332 degentem.
457 2279 642 2332 Qatenus
668 2295 729 2317 au-

100 2342 176 2370 tem
210 2335 401 2370 Surrentini
429 2331 545 2370 littoris
577 2349 634 2369 ora
662 2346 727 2382 pro

102 2384 260 2426 AEneidt}
276 2396 358 2422 vota
372 2384 495 2428 faciat,
516 2385 727 2421 illustratum

103 2450 124 2474 a
160 2436 247 2475 viris
282 2437 396 2473 doctis
428 2437 550 2474 videre
584 2437 726 2474 vellem.

104 2488 245 2527 Villam
264 2487 466 2537 Virgilium
492 2502 564 2526 non
584 2490 690 2539 lznge
709 2502 729 2524 a

102 2542 204 2580 Nola
250 2541 288 2578 in
326 2540 515 2590 Campano
557 2540 729 2584 habuiffe,

102 2594 177 2631 alio
192 2591 277 2631 loco
291 2593 357 2639 (T.
378 2591 410 2636 Ι,
428 2592 475 2629 V.
491 2592 599 2641 Virg.
618 2592 644 2629 s.
662 2595 725 2642 24)

101 2646 282 2691 vidimus;
310 2644 411 2681 littus
430 2644 543 2693 igitur
570 2645 661 2681 illud
680 2646 726 2680 ad

104 2698 294 2736 Craterem
327 2696 385 2733 seu
418 2695 544 2732 Sinum
572 2697 728 2746 Campa-

103 2763 191 2787 num
205 2762 267 2800 per
275 2747 564 2799 promontorium
580 2749 729 2785 Surren-

103 2801 238 2847 tinum,
264 2800 310 2838 ad
325 2799 422 2851 quod
440 2813 483 2838 ea
504 2813 566 2838 ora
585 2810 730 2853 proten-

794 1294 909 1338 ditur,
935 1291 1145 1331 declaravit.
1187 1292 1314 1330 Potuit
1329 1304 1423 1342 quo-

793 1360 862 1396 que
897 1345 934 1382 in
965 1347 1088 1382 littore
1111 1346 1324 1382 Surrentino
1345 1345 1422 1382 Ve-

796 1398 890 1434 neris
908 1398 1033 1434 fanum
1063 1398 1154 1443 effe3
1199 1407 1235 1434 et
1267 1396 1424 1434 habebat

795 1450 888 1487 forte
905 1450 942 1486 in
960 1449 1083 1486 eadem
1103 1463 1165 1486 ora
1182 1449 1355 1500 praedium
1375 1448 1422 1491 is,

796 1501 860 1552 qui
878 1514 1021 1538 carmen
1041 1502 1111 1538 hoc
1130 1502 1289 1552 scripsit3
1330 1500 1424 1538 facit

795 1553 892 1590 enim
930 1553 1098 1590 ultimum
1125 1554 1193 1590 hoc
1212 1554 1424 1596 distichum,

797 1618 880 1642 cum
895 1606 1014 1643 Caesar
1031 1605 1104 1656 ipse
1120 1616 1155 1642 et
1182 1618 1243 1642 ora
1263 1606 1426 1655 Campa-

798 1657 869 1694 niae
886 1671 952 1708 pro
969 1657 1068 1694 felici
1087 1657 1252 1695 AEneidis
1269 1658 1425 1695 successu

796 1720 882 1746 vota
901 1709 1019 1746 facere
1033 1710 1220 1753 dicuntur,
1248 1720 1287 1746 ut
1302 1710 1424 1760 potius

797 1760 842 1798 ab
853 1761 972 1798 amico
983 1762 1107 1811 aliquo
1119 1760 1297 1804 Maronis,
1314 1775 1423 1812 quam

796 1814 842 1849 a'o
861 1813 937 1864 ipso
957 1818 1082 1864 poeta,
1111 1812 1313 1866 profectum
1328 1813 1423 1852 illud

793 1864 972 1914 judicem.

1071 1915 1108 1952 V
1111 1917 1162 1954 Π.

859 1969 995 2018 Saepius
1014 1968 1103 2006 editi
1123 1980 1158 2005 et
1189 1969 1229 2005 hi
1266 1971 1427 2007 Scazon-

797 2030 850 2057 tes
899 2031 1020 2057 ⁴urant
1067 2021 1102 2058 in
1140 2020 1292 2058 Anthol.
1335 2022 1421 2059 Lat.

798 2073 963 2115 T()21‘;.I‚
992 2073 1056 2109 lib.
1079 2072 1132 2115 H,
1160 2086 1215 2122 ep.
1242 2086 1330 2120 243,
1359 2073 1423 2110 ubi

796 2125 871 2161 vid.
889 2126 1010 2161 Βιιῑιυ.
1066 2126 1360 2174 Comparandum
1376 2126 1423 2162 est

796 2189 839 2213 ex
859 2188 958 2227 parte
979 2176 1124 2213 initium
1147 2177 1262 2214 Ciris,

848 2228 878 2265 I.
907 2229 1057 2265 Curtior
1075 2229 1113 2265 in
1142 2229 1209 2265 fine
1241 2229 1358 2266 versus
1375 2229 1423 2266 est

795 2280 944 2328 syllaba,
971 2290 1007 2317 et
1035 2282 1110 2328 jam
1131 2281 1309 2331 suppletus
1329 2295 1347 2317 a
1367 2281 1423 2317 vi-

796 2332 844 2368 ris
881 2332 1220 2382 &stiffi—manuyli,
1253 2341 1295 2370 ise
1309 2348 1320 2370 :
1367 2334 1422 2370 vel

793 2390 836 2420 ite
854 2385 940 2422 hmc.

850 2450 884 2474 2.
914 2440 977 2473 Res
1013 2437 1193 2480 Achaicus,
1234 2446 1272 2473 ur
1306 2439 1424 2475 Crem—

789 2495 864 2538 pms
883 2505 946 2533 ros,
974 2490 1020 2524 de
1033 2489 1233 2536 eloquentia
1251 2504 1260 2532 ;
1290 2489 1345 2526 seu
1366 2503 1422 2525 ro-

797 2553 887 2584 rem,
940 2553 1011 2590 quo
1045 2540 1180 2577 ‘cicada-
1215 2541 1424 2591 pascui-tur,

797 2593 870 2635 seu,
898 2593 996 2641 quod
1030 2605 1169 2635 mmm,
1213 2593 1282 2629 mul
1324 2595 1422 2629 Atti-

795 2657 878 2680 cum
898 2643 1027 2694 respici
1054 2644 1203 2681 dixeris.
1259 2646 1425 2682 Achaicus

796 2696 946 2732 omnino
979 2709 1044 2745 pro
1079 2695 1225 2740 Gracco,
1255 2706 1290 2731 et
1320 2695 1423 2733 Grae-

797 2747 922 2785 canica
940 2747 1159 2797 eloquentia.
1179 2746 1280 2785 rurba
1296 2748 1333 2784 in
1354 2748 1423 2786 fine

798 2799 941 2838 dudum
961 2800 1190 2838 emendatum
1222 2811 1287 2851 pro
1315 2800 1424 2856 qis-luz

1298 2863 1319 2887 a
1338 2864 1426 2890 viris
