1835 3396
387 588 1134 664 RECENSUS

175 750 556 792 PARERGORUM
584 751 655 788 ET
682 745 1168 786 ORNAMENTORUM
1196 744 1353 784 CAELO

562 837 976 880 EXPRESSORUM.

113 1081 243 1166 UT
262 1125 373 1177 genio
393 1125 511 1163 sacculi
530 1119 789 1161 obsecundaret
809 1116 989 1155 redemtor
1001 1113 1133 1165 operis,
1153 1120 1288 1164 partem
1305 1121 1425 1148 exem„

115 1185 269 1234 plarium
289 1184 447 1236 Virgilii
463 1183 573 1221 variis
589 1178 808 1219 ornamentis
825 1177 1043 1226 locupletare
1072 1174 1110 1210 in
1141 1172 1300 1210 animum
1320 1168 1427 1207 indu-

119 1243 191 1289 xit,
217 1243 347 1295 quibus
371 1246 433 1282 illa
453 1243 579 1280 talium
596 1239 851 1291 elegantiarum
881 1234 1100 1273 amatoribus
1132 1233 1167 1270 se
1196 1230 1427 1268 commenda-

117 1305 208 1335 rent.
262 1297 380 1334 Nolui
397 1297 507 1334 deesse
519 1307 585 1332 nec
603 1290 780 1329 voluntati
798 1291 872 1339 ejus
889 1300 952 1324 nec
980 1286 1129 1324 honestae
1155 1285 1326 1322 leflorum
1359 1294 1428 1318 vo.

118 1355 266 1404 luptati.
338 1351 644 1392 Accommodavit
680 1348 888 1400 graphidem
933 1345 989 1382 vir
1023 1344 1227 1394 ingeniosus
1260 1342 1430 1391 idemque

120 1413 271 1464 piRu-rae
283 1427 366 1452 cum
380 1413 523 1453 linearis
548 1423 624 1449 tum
641 1407 834 1460 pigmentis
864 1405 1043 1442 illustratae
1060 1404 1280 1453 historiaeque
1297 1401 1429 1438 artium

121 1474 248 1510 doetus
266 1474 445 1524 magister,
474 1472 536 1522 Jo.
557 1471 746 1507 Dominicm
763 1464 911 1508 Florillo,
939 1472 1124 1513 apparatus
1156 1459 1433 1511 iconographici

123 1533 164 1570 in
179 1532 406 1570 Bibliotheca
430 1533 543 1570 nostra
557 1525 760 1567 academica
776 1538 796 1560 a
815 1536 911 1560 cura.
968 1520 1092 1559 Faetus
1122 1522 1169 1559 est
1203 1521 1353 1557 dileetus
1380 1533 1434 1557 re-

122 1606 219 1637 rum,
247 1605 328 1642 quae
340 1605 406 1644 pro
430 1598 641 1643 argumento
670 1597 903 1637 parergorum
928 1583 1049 1625 essent,
1082 1579 1334 1618 communibus
1364 1580 1437 1617 stu·

124 1652 212 1697 diis,
239 1651 290 1688 ita
306 1652 453 1703 quidem
470 1661 510 1688 ut
526 1662 571 1687 ex
589 1645 803 1697 antiquitate
828 1642 1047 1693 elegantiore
1073 1641 1144 1678 illae
1167 1641 1272 1678 ess'ent
1299 1640 1436 1690 petitae,

125 1721 238 1762 utque
255 1711 424 1749 haberent
441 1709 596 1761 aliquid,
623 1706 721 1757 quod
740 1718 823 1742 cum
843 1707 960 1754 poetae
978 1701 1199 1738 carminibus
1215 1701 1438 1748 conveniret,

123 1771 248 1809 saltem
267 1770 312 1808 ab
329 1770 373 1808 iis
390 1784 462 1808 non
489 1769 707 1807 abhorreret.
774 1764 817 1800 ln
848 1762 1026 1813 angustias
1052 1775 1115 1798 nos
1145 1761 1297 1812 cogebat
1324 1761 1439 1799 fimile

126 1829 318 1867 confilium
339 1829 544 1867 editionum
565 1826 661 1878 apud
693 1824 882 1862 Britannos
899 1835 919 1859 a
936 1822 995 1871 Jo.
1018 1819 1119 1865 Pine,
1146 1830 1182 1858 et
1200 1822 1276 1870 jam
1307 1832 1388 1857 ante
1419 1834 1441 1858 a

131 1890 238 1928 Guil.
265 1889 426 1940 Sandby,
454 1899 531 1925 tum
564 1887 604 1924 in
640 1883 781 1921 Batavis
814 1882 858 1920 ab
894 1882 1009 1918 Henr.
1041 1880 1188 1930 Jussice,
1217 1880 1256 1917 in
1272 1880 1378 1917 Italia
1394 1880 1442 1918 ab

131 1952 224 1987 Ant.
251 1948 433 1999 Ambrogi
451 1956 653 1998 paratarum
668 1961 678 1989 3
707 1953 746 1981 ut
763 1942 956 1980 deserenda
966 1939 1072 1977 essent
1092 1941 1146 1977 vel
1162 1939 1368 1989 abjicienda
1385 1953 1446 1989 ea,

131 2023 212 2060 quae
240 2006 285 2045 ab
319 2008 365 2045 iis
393 2017 493 2045 erant
511 2015 699 2057 praerepta,
728 2010 776 2040 ne'
805 2003 892 2040 trita
910 2012 1065 2052 repetere
1083 2001 1299 2039 videremur.
1353 2002 1443 2040 Alia

133 2068 317 2106 interdum
334 2066 416 2104 satis
427 2065 698 2104 accommodata
715 2076 786 2099 non
802 2061 1010 2099 admittebat
1024 2059 1174 2110 spatium
1190 2061 1245 2097 his
1256 2073 1446 2099 ornamen-

134 2128 183 2165 tis
197 2127 408 2164 destinatum
421 2135 481 2163 aut
498 2124 675 2163 reliftum.
729 2123 839 2160 Enim
870 2133 954 2158 vero
978 2120 1124 2157 meliore
1141 2130 1228 2170 puto
1248 2134 1311 2158 nos
1328 2121 1446 2158 consi-

135 2189 188 2226 lio
204 2188 297 2224 hanc
317 2186 427 2236 ipsam
446 2198 521 2222 rem
540 2184 606 2222 effe
621 2183 809 2234 aggress'oe.
865 2181 975 2220 Nihil
1004 2180 1107 2217 nobis
1137 2180 1354 2230 propositum
1379 2182 1446 2219 effe

136 2247 264 2286 debere
282 2246 485 2298 putavimus
504 2259 610 2296 quain
639 2245 820 2282 honestam
852 2244 1071 2291 voluptatem
1104 2252 1139 2277 cr
1166 2241 1445 2280 ohlce‘lationem

137 2320 182 2346 ex
201 2306 364 2358 adspeffiu
385 2305 557 2356 ingeniosi
578 2304 686 2349 lusus,
713 2315 748 2341 et
766 2316 810 2340 ex
827 2300 1093 2351 comparatione
1113 2301 1163 2337 rei
1195 2301 1307 2338 iensui
1323 2304 1449 2339 oculo-

138 2379 217 2405 rum
234 2366 398 2416 subjeflae
415 2365 641 2415 ejusdemque
660 2378 680 2401 a
697 2369 805 2415 poeta
818 2362 992 2411 express'ae.
1049 2361 1101 2396 At
1116 2359 1202 2397 boni
1222 2361 1275 2397 illi
1293 2361 1362 2398 viri
1394 2372 1447 2398 te-

139 2439 235 2465 mere
250 2425 316 2463 fibi
333 2425 586 2477 persuaserant,
614 2424 659 2461 ad
689 2423 937 2460 illustrandum
962 2425 1105 2472 poetam
1142 2421 1174 2456 se
1206 2420 1325 2458 neseio
1359 2421 1448 2472 qnid

130 2485 303 2538 'praeclari
319 2484 447 2523 auxilii
465 2485 530 2522 esse
560 2484 750 2528 aliatur033
793 2483 829 2519 id
849 2481 945 2532 quod
978 2482 1015 2516 in
1039 2480 1250 2530 paucissimis
1279 2483 1453 2532 exemplis

140 2545 262 2582 locum
281 2544 409 2581 habere
426 2544 556 2594 potuit.
613 2542 694 2579 Nec
718 2556 801 2579 vero
822 2541 992 2577 summam
1025 2540 1111 2576 artis
1142 2539 1372 2578 subtilitatem
1394 2555 1450 2578 re-

142 2606 264 2655 quires
281 2605 319 2641 in
338 2603 413 2655 ipsa
430 2604 683 2648 delineatione,
717 2603 787 2640 five
806 2600 995 2638 confilium
1027 2599 1076 2636 rei
1110 2600 1252 2650 spefies,
1281 2602 1348 2639 sive
1367 2615 1452 2651 ope-

143 2677 223 2701 rum
242 2663 350 2699 modo
369 2663 543 2699 minorem
564 2662 672 2699 modo
688 2663 856 2710 majorem
890 2660 1003 2696 multo
1037 2659 1221 2696 modulum
1254 2674 1318 2711 pro
1336 2661 1455 2710 spatio

145 2728 184 2765 in
203 2723 361 2760 chartaa
386 2722 541 2759 librariis
571 2722 687 2772 opti-is
722 2722 857 2758 relic‘lo.
913 2719 1077 2756 Omnino
1103 2719 1215 2755 nolim
1236 2733 1453 2770 quemquam

137 2782 252 2820 ‘nimis
277 2782 454 2819 morosum
486 2783 552 2819 effe
586 2782 622 2817 in
652 2780 721 2826 his,
749 2794 826 2832 quse
844 2792 907 2817 nee
926 2779 1025 2818 laudi
1044 2792 1107 2817 nec
1124 2779 1384 2831 reprehensioni
1402 2781 1456 2817 lo-

146 2855 233 2880 cum
248 2854 461 2893 magnopere
474 2841 691 2892 relinquunt.

1300 2909 1402 2948 Ver„
1430 2908 1461 2950 L
