1835 3396
407 251 498 298 188

405 382 604 430 Cinaede
625 381 762 438 Luci,
796 397 852 427 an
881 391 926 426 te
945 379 1277 440 relinquerunt
1300 393 1412 440 opes
1430 377 1450 423 ἓ

580 247 633 295 P.
687 243 1069 293 VIRGILII
1135 242 1531 290 MARONIS

473 470 713 530 Fameque
733 467 932 532 genuini
957 463 1183 527 crepant?

401 561 591 608 Videbo
616 560 870 606 habentem
895 571 1073 622 praeter
1095 558 1290 622 ignavos
1313 555 1435 603 nihil

470 652 653 699 Fratres
677 662 724 698 et
743 652 916 698 iratum
939 650 1125 711 Jovem,

406 741 701 805 Sciffumque
727 754 959 798 ventrem,
993 752 1040 786 et
1067 737 1273 786 herniofi
1287 735 1445 803 patrui

468 829 617 877 Pedes
639 831 796 878 inedia
813 831 1049 895 turgidOS.

1032 1012 1119 1060 VI.

870 1120 938 1151 AD
976 1119 1231 1153 VENEREM.

403 1199 452 1248 Si
480 1200 601 1247 mihi
619 1199 888 1262 susceptum
912 1197 1054 1245 fuerit
1068 1199 1317 1246 decurrere
1341 1211 1531 1253 munus,

468 1292 514 1338 O
540 1291 753 1353 Paphon,
788 1306 817 1336 o
841 1289 970 1336 sedes
993 1306 1101 1352 quae
1126 1290 1244 1337 colis
1269 1289 1459 1345 Idalias,

401 1381 574 1429 Troius
599 1386 772 1430 AEneas
798 1384 1016 1428 Romana
1033 1396 1119 1443 per
1143 1379 1323 1443 oppida
1346 1376 1514 1442 digno'

467 1471 577 1532 Jam
604 1471 797 1518 tandem
821 1482 874 1517 ut
896 1482 1058 1518 tecum
1076 1471 1290 1518 carmine
1313 1469 1475 1516 vastus
1497 1479 1601 1516 eat:

400 1562 513 1610 Non
538 1580 627 1628 ego
650 1563 931 1620 ture-modo,
947 1576 1025 1611 aut
1046 1564 1175 1627 piCta
1189 1576 1268 1611 tua
1286 1563 1469 1628 templa
1483 1560 1656 1610 tabella
1691 1572 1716 1625 5

464 1656 678 1714 Ornabo,
714 1669 759 1702 et
782 1659 911 1720 puris
935 1657 1053 1704 serta
1077 1656 1225 1704 feram
1248 1657 1484 1704 manibus.

399 1747 630 1812 Corniger
650 1749 735 1795 hos
759 1750 875 1795 aries
899 1749 1111 1807 humilis,
1129 1761 1175 1796 et
1199 1749 1408 1796 maxima
1430 1761 1591 1795 taurus

465 1838 675 1886 Vieiima
700 1839 897 1887 sacratos
929 1841 1117 1905 tinguet
1144 1842 1322 1889 honore
1347 1839 1475 1887 focos
1497 1857 1509 1886 :

453 2003 514 2042 35.
543 1990 613 2029 Pro
646 2008 693 2030 cm
727 1991 830 2029 fuiffe
863 1991 1024 2044 suspicor

397 2056 449 2079 ez.

452 2106 513 2143 39.
561 2095 692 2146 Scffim
744 2107 912 2141 ‘zeum-em,
971 2098 1024 2135 ἔπ’

398 2147 525 2196 aio-945
498 2166 536 2182 ω
568 2148 612 2184 de
631 2148 785 2185 cinaedo.
839 2163 901 2198 40.
931 2167 1024 2195 osv-eo

398 2215 483 2248 may
487 2199 622 2238 §Hei
626 2199 688 2236 odi
713 2201 811 2238 δρυΐ
827 2205 914 2251 265.
935 2202 1023 2241 266.

398 2250 512 2287 Conf.
532 2251 648 2288 Ovid.
671 2252 764 2291 Met.
789 2252 903 2297 VIII,
934 2257 1022 2303 807.

397 2304 488 2346 808,
516 2302 668 2352 pedibus
702 2318 747 2342 ex
777 2304 942 2356 atrophia
967 2316 1022 2342 tu-

394 2353 590 2393 mentibus.

463 2510 674 2548 Dule1simi
670 2526 715 2549 m
787 2511 1021 2561 poemation:

397 2564 499 2612 quod
526 2565 601 2613 jann
632 2576 697 2613 pro
726 2564 834 2601 titulo
855 2563 1026 2601 exhibui-

387 2614 475 2653 'mus
505 2615 608 2653 ins.
637 2616 672 2657 Ι,
712 2629 749 2666 p.
785 2628 912 2654 ectv.
967 2615 1025 2653 Est

398 2682 459 2705 rto
464 2682 522 2706 um
558 2681 624 2718 pro
661 2668 824 2718 iniccpto
862 2667 1027 2704 AEneidis

397 2734 462 2771 op·
447 2733 504 2757 ere
522 2719 658 2756 Veneri
672 2732 836 2762 nuncnpz¹
831 2728 933 2764 tum,
949 2720 1023 2762 sen,

398 2785 439 2811 ut
455 2772 613 2824 Scaliger
623 2784 666 2809 ex
683 2765 887 2823 ςοιι]ςξὶιιῐει
905 2772 1023 2823 ponit,

1087 1992 1294 2042 suspensum
1326 2003 1392 2043 pro
1414 1989 1550 2040 templo
1569 1988 1720 2027 Veneris

1091 2044 1321 2081 Surrentinae.
1377 2041 1512 2080 Extat
1501 2055 1540 2079 m
1559 2041 1719 2080 Anthol.

1091 2095 1298 2133 Lat.-lib.1
1314 2109 1372 2146 ep.
1391 2097 1439 2144 63
1471 2107 1556 2131 curn
1574 2092 1721 2151 copiosa

1089 2146 1253 2185 virorum
1289 2148 1480 2186 dof’torum
1513 2143 1720 2183 illustratio-

1089 2212 1157 2236 ne:
1187 2213 1295 2250 quam
1313 2199 1417 2236 adeat
1434 2197 1499 2248 qui
1517 2197 1626 2235 volet.

1143 2264 1178 2300 3.
1199 2266 1237 2301 4.
1266 2250 1463 2302 Splendida
1490 2248 1543 2286 rei
1560 2247 1719 2299 species:

1089 2302 1230 2341 investa
1249 2303 1372 2340 Venus
1389 2315 1474 2340 cum
1508 2300 1625 2338 AEnea
1654 2311 1719 2351 per

1087 2354 1230 2392 Italiam
1280 2365 1466 2405 tamquam
1516 2352 1720 2404 triumpho,

1088 2406 1137 2444 ob
1152 2406 1344 2444 AEneidem
1363 2405 1579 2443 absolutam.

1146 2473 1179 2509 ς.
1205 2457 1479 2508 paffzediderat
1497 2455 1626 2494 Heius.
1645 2457 1669 2494 l.
1680 2468 1717 2495 c.

1089 2510 1259 2563 quoniam
1273 2516 1367 2560 pia‘za
1384 2509 1480 2547 redit
1493 2522 1529 2546 v.
1553 2521 1611 2546 10.

1143 2577 1181 2613 7.
1210 2562 1264 2599 hos
1282 2561 1419 2599 humiles
1435 2565 1529 2611 focos
1558 2562 1716 2610 jungen-

1090 2615 1193 2659 dum,
1202 2623 1237 2651 et
1253 2626 1337 2651 cum
1356 2612 1717 2662 Heinfiolegendum

1075 2672 1226 2717 sacrm
1281 2664 1363 2702 Nifi
1390 2677 1475 2702 curn
1505 2665 1718 2702 Burmanno

1088 2717 1277 2757 emendare
1290 2718 1429 2767 placet:
1451 2715 1723 2768 Cornigerhaud

1089 2778 1175 2810 aries
1193 2770 1341 2814 humilis,
1355 2770 1422 2820 sed
1433 2784 1526 2809 max.
1546 2779 1573 2807 t.

1593 2831 1631 2869 9⁴
1656 2827 1716 2857 100
