1835 3396
369 215 570 265 CAELO
605 211 1127 262 EXPRESSORUM.
1316 231 1340 263 2
1347 230 1406 280 39

598 351 731 401 Ernesto
757 350 858 401 Augu
885 365 901 387 o

578 412 725 461 Augusto
751 410 783 446 F
784 412 917 448 riderico

577 469 725 520 Adelpho
752 470 919 507 friderico

502 533 561 570 M.
587 532 749 568 Britann.
779 531 878 583 Regis
904 531 998 584 Aug.

581 588 918 640 Sobolifazstffimae

518 650 728 699 Juventutis
754 650 979 700 Princ1pibus.

87 706 236 751 Eminet
269 711 374 764 supra
408 711 566 762 clipeum
586 709 649 746 Sol
667 707 785 746 oriens
816 721 899 745 cum
916 708 1070 760 Aquila,
1097 722 1177 760 quae
1194 709 1411 761 ingeniofiot

89 772 222 823 aliquis
236 772 342 809 facile
360 771 406 808 ad
417 769 636 808 adultiorem
654 777 794 805 aetatem
815 767 1046 819 Principum,
1073 770 1119 805 ad
1151 769 1288 806 summa
1316 783 1414 820 quae-

89 844 161 882 que
185 841 366 876 natorum,
396 839 432 867 et
464 829 513 866 ad
544 829 715 866 virtutem
735 839 860 864 eorum
879 827 1019 872 referet,
1045 830 1148 879 cujus
1165 828 1315 874 frustm,
1341 831 1414 868 late

88 902 153 941 per
181 899 294 929 terras
320 889 469 941 sparsos,
496 888 592 925 haud
619 900 729 938 parva
760 886 946 924 felicitatis
965 887 1113 926 humani
1130 888 1274 940 generis
1292 890 1414 928 incre-

88 958 211 988 menta
227 949 293 986 effe
308 950 491 992 allaturos,
517 946 676 984 declarat
693 945 838 982 feminae
854 945 1063 984 accubantis
1082 946 1227 998 species.
1281 948 1412 988 Cornu

88 1006 218 1058 Copiae
232 1020 338 1045 manu
357 1008 420 1045 illa
439 1005 704 1057 compleffltur‚
731 1004 848 1041 Terra
879 1014 991 1041 mater
1020 1019 1103 1043 cum
1121 1006 1271 1045 notione
1289 1007 1413 1047 Uber-

88 1066 174 1103 tatis
190 1076 226 1104 et
245 1065 461 1104 Faustitatis.
518 1064 659 1102 Habitu
672 1063 825 1113 jacentis
859 1063 1066 1114 frequenter
1095 1077 1137 1102 ea
1167 1067 1345 1111 occurrit,
1372 1077 1414 1106 ut

89 1124 131 1162 in
148 1125 281 1163 oniche
299 1124 545 1163 Brunsvicenfi
566 1124 634 1162 inf.
655 1137 690 1173 p.
716 1126 802 1173 189,
829 1135 945 1173 neque
963 1122 1033 1160 alia
1061 1125 1109 1161 est
1140 1124 1275 1163 femina
1288 1126 1412 1175 jacens

87 1197 172 1222 cum
190 1199 301 1236 puero
338 1185 376 1222 in
411 1183 632 1235 Anaglypho
661 1181 825 1232 Capitol.
862 1182 957 1231 apud
975 1183 1118 1234 Justice,
1132 1195 1172 1235 p.
1195 1198 1259 1234 30,
1289 1186 1360 1225 Vol.
1375 1187 1413 1224 I.

90 1258 187 1283 nunc
207 1247 246 1284 in
264 1247 356 1298 Mzgs.
376 1247 493 1296 Capit.
513 1243 576 1283 To.
595 1245 667 1287 IV,
688 1253 716 1280 t.
731 1242 797 1288 66,
824 1241 877 1281 cf.
897 1242 988 1282 ibid.
1001 1244 1073 1282 tab.
1093 1259 1155 1297 55.
1214 1246 1327 1284 Petita
1345 1261 1413 1286 au-

90 1313 163 1342 tern
182 1305 262 1351 illa,
290 1319 397 1357 quam
413 1305 474 1341 hic
494 1303 610 1348 vides,
636 1303 683 1339 est
697 1315 717 1340 e
735 1302 854 1339 nobili
873 1303 1079 1354 anaglypho
1099 1304 1137 1342 in
1157 1304 1296 1344 Palatio
1313 1307 1415 1346 Mat-

89 1363 279 1403 thaeiorum
296 1379 305 1402 :
345 1378 430 1402 cum
463 1363 500 1401 in
534 1363 686 1402 Monam.
718 1361 851 1400 Matth.
886 1361 946 1400 To.
973 1362 1055 1406 III,
1084 1373 1159 1400 tum
1174 1364 1252 1413 jam
1272 1375 1353 1403 ante
1371 1367 1414 1404 in

91 1425 295 1463 Admirand.
315 1424 387 1463 tab.
405 1437 469 1469 22,
495 1423 559 1461 ubi
574 1435 758 1474 perperam
777 1421 948 1473 inscripta
967 1422 1036 1460 est:
1060 1422 1223 1462 Gallieni
1236 1426 1414 1475 profefflo

91 1483 138 1520 ad
156 1483 358 1522 Orientem.
413 1483 601 1522 Promtum
635 1481 732 1520 enim
757 1483 803 1519 est
822 1481 966 1520 Peleum
995 1483 1187 1533 agnoscere
1204 1485 1251 1521 ad
1279 1485 1412 1524 Theti-

90 1542 173 1580 dem
192 1544 433 1581 accedentem.
488 1542 602 1595 Qod
621 1543 737 1579 multo
757 1542 871 1592 magis
888 1543 1107 1594 intelligitnr
1130 1556 1337 1595 comparato
1355 1547 1410 1582 al-

91 1611 171 1640 tero
190 1615 367 1640 marmore
382 1602 622 1640 Matthaeiano
641 1615 698 1652 ap.
719 1601 920 1639 Winkelm.
940 1603 1091 1640 Menum.
1122 1605 1208 1640 ined.
1229 1605 1299 1642 tab.
1324 1619 1408 1645 110,

89 1661 189 1711 quod
207 1663 377 1712 praeclare
395 1662 645 1713 interpretatus
661 1662 709 1698 est
727 1660 781 1697 vir
800 1660 876 1705 ille,
903 1662 1084 1712 popularis
1103 1664 1211 1701 nostet
1230 1665 1411 1704 desidera-

89 1720 250 1760 tiffimus.
304 1721 482 1773 RespeClu
497 1722 543 1759 ad
561 1722 718 1773 clipeum
745 1720 868 1758 AEneae
888 1721 1013 1758 habito
1034 1721 1249 1776 subscriptus
1266 1726 1314 1763 est
1332 1739 1409 1764 ver«

89 1779 146 1818 sus
162 1780 248 1819 AEn.
269 1779 341 1826 VI,
359 1786 447 1831 890.

244 1840 455 1892 [mendisque
472 1845 738 1893 animumfamae
757 1846 922 1880 venientis
940 1859 1062 1882 amore.

90 1896 135 1936 In
153 1911 260 1950 quem
275 1899 413 1937 sensum
432 1900 549 1952 ipsum
565 1914 709 1938 carmen
727 1902 992 1939 dedicatoriam
1012 1912 1261 1954 comparatum
1279 1904 1340 1950 est,
1367 1912 1408 1942 ut

88 1959 296 1996 ostendatur
315 1960 545 2011 Principibus
562 1974 701 2011 magnae
730 1961 923 2010 Biimnniae
956 1963 1186 2001 Sereniffimis
1210 1965 1331 2016 gloria
1347 1965 1408 2002 seu

91 2032 137 2056 ex
164 2019 250 2057 belli
269 2020 326 2057 seu
345 2033 389 2057 cx
406 2020 504 2071 pacis
521 2021 656 2059 artibus
672 2032 708 2059 ct
727 2022 920 2060 virtutibus
938 2033 1101 2063 ventura.

142 2138 214 2177 IV.
243 2155 280 2192 p.
296 2140 486 2180 LXXIV.
502 2145 625 2192 adfin.
644 2150 818 2183 notationis
835 2146 987 2188 ecdicum,
1005 2159 1050 2182 ex
1068 2147 1199 2185 Pitfme
1214 2148 1241 2183 d
1243 2146 1414 2184 ’Er-calano

94 2199 157 2237 ‘Tm
178 2200 261 2245 III,
289 2202 362 2240 tab.
383 2203 522 2247 XLVI,
542 2214 581 2253 p.
604 2217 691 2256 237·
718 2204 856 2241 femina
875 2205 1013 2242 tabulas
1038 2216 1170 2243 ceratas
1189 2216 1308 2243 tenens
1327 2219 1411 2243 cum

93 2258 188 2303 stilo,
214 2260 336 2297 animo
354 2261 462 2306 inid,
488 2263 585 2312 quod
604 2262 780 2314 scriptura
799 2264 860 2305 est,
889 2264 1030 2302 defixo:
1077 2266 1214 2303 Dextra
1232 2276 1319 2303 tenet
1331 2269 1414 2316 ser-

92 2332 180 2362 rum,
206 2335 355 2357 ‘vacuam
372 2332 458 2358 tenet
475 2321 586 2358 altera
603 2337 726 2361 ceram.
781 2323 896 2361 Ovid.
916 2323 1009 2362 Met.
1026 2324 1102 2369 IX,
1118 2338 1136 2374 5
1147 2338 1162 2362 z
1174 2338 1206 2362 Ι.

145 2412 195 2452 V.
207 2428 244 2466 p.
258 2413 377 2453 CLX.
389 2418 541 2466 adfinem
551 2423 823 2457 commentaliom's
831 2422 871 2456 de
880 2420 1071 2458 editionibus
1086 2419 1260 2470 Viaegiliiet
1270 2425 1415 2470 antiquis

93 2476 324 2524 interpretibus
338 2491 351 2514 .·
381 2476 613 2516 instrumenta
630 2480 813 2530 scriptoris
829 2489 987 2517 veterum
1008 2494 1017 2517 :
1064 2481 1186 2517 tabula
1207 2489 1324 2516 cerata
1342 2479 1417 2516 dis-

94 2533 232 2581 tychon
250 2547 332 2572 cum
351 2536 454 2574 stilo:
485 2553 527 2575 ex
542 2540 616 2577 ead.
637 2539 710 2577 tab.
730 2541 860 2577 Ps'z‘Jur.
891 2539 1031 2578 H.›·⁷·c.al.
1061 2550 1138 2577 tum
1175 2537 1348 2576 scrinium
1370 2539 1417 2575 li-

93 2590 274 2639 brarium3
294 2595 339 2632 ab
350 2596 460 2632 altera
471 2608 570 2647 parte
583 2599 893 2644 atramentarium,
905 2599 1040 2650 duplex
1058 2599 1222 2650 quidem,
1247 2610 1332 2635 cum
1351 2609 1414 2634 ca-

94 2651 191 2690 lamo
207 2665 253 2691 ex
268 2653 412 2700 iisdem,
443 2657 513 2695 Vol.
535 2658 593 2696 II.
616 2669 654 2709 p.
681 2672 743 2711 55.

134 2734 218 2794 ,VL
237 2751 272 2788 p.
287 2737 451 2780 CLXII.
460 2743 528 2798 [ιῷ
536 2744 660 2793 finem,
676 2745 745 2793 fiaeb
759 2749 889 2783 im‘ssiam
910 2746 1000 2782 Vilae
1015 2742 1161 2795 lC'qgil‘i.
1190 2740 1247 2778 Et(
1265 2741 1414 2791 anagly.

95 2797 168 2848 pho
186 2799 226 2836 in
245 2800 380 2840 aedibus
398 2802 685 2845 Sacchettiorum
704 2808 838 2848 Admir.
855 2806 928 2847 tab.
947 2807 969 2844 6
974 2820 1011 2861 5.
1056 2804 1203 2845 Femina
1222 2804 1312 2841 stans
1329 2811 1414 2900 aiite

1312 2874 1357 2901 co
1376 2874 1416 2900 u-
