1835 3396
416 219 501 254 122
607 204 661 252 Ρ.
700 202 1085 251 VIRGILII
1134 201 1537 250 MARONIS

410 338 604 386 Adiaeos
628 338 749 384 inter
771 337 904 383 collis
928 349 975 383 et
998 335 1200 383 candida
1223 336 1397 385 Thesei

413 428 667 493 Purpureis
692 430 782 476 late
807 427 1011 474 ridentia
1034 426 1173 472 litora
1199 426 1420 473 conchis:

410 517 629 581 Qarum
648 532 742 562 non
766 514 849 560 ulli
876 513 1000 559 fama
1024 512 1283 559 concedere
1307 513 1454 578 digna

411 608 512 656 Stat
533 607 750 669 Megara,
770 602 923 650 Aeiaei
948 601 1190 664 quondam
1213 600 1395 647 munita
1421 601 1581 649 labore
1614 616 1619 623 ⁸
1642 614 1727 665 105

412 697 653 753 Alcathoi,
678 694 977 755 Phoebique;
1014 692 1128 748 deus
1154 707 1361 754 namque
1384 691 1538 738 adfuit
1560 690 1660 739 illi:

413 787 558 836 Unde
583 786 744 842 etiam,
769 783 965 830 citharae
990 796 1127 827 voces
1152 765 1367 826 imitatus
1391 792 1568 837 acutas,

457 928 529 951 102.
552 929 580 951 ct
595 933 619 952 c.
638 919 728 963 Tensa
754 924 820 948 vet.
851 916 915 953 ed„
936 913 1020 945 unde
1045 912 1234 944 Camerinus
1261 924 1378 944 nomen
1404 913 1492 945 urbis
1515 914 1548 945 in
1573 912 1734 955 Pelopon-

410 972 484 1002 neso
504 971 649 1003 faciebat.

410 1024 499 1055 rinus
529 1023 681 1064 agnoscit.
740 1022 884 1052 radiantia
909 1018 990 1059 conj.
1021 1017 1233 1049 Friesemann.
1326 1026 1399 1056 104.
1430 1030 1481 1048 non
1508 1018 1579 1049 nulli
1608 1017 1734 1055 eadem,

412 1087 486 1107 cum
498 1075 555 1106 ms.
574 1074 666 1106 Bam.
697 1087 746 1105 non
762 1074 930 1114 vidiJunt.
959 1071 1072 1101 nonulli
1096 1069 1183 1100 reete
1201 1068 1331 1101 Aldina.
1423 1077 1496 1108 105.
1515 1071 1646 1111 Megara
1661 1079 1734 1110 per-

410 1135 509 1170 petuo
525 1126 581 1157 usu
598 1125 711 1168 plurali
730 1123 877 1155 effertur:
904 1122 1009 1163 itaque
1027 1122 1116 1153 Stant
1131 1120 1221 1152 fuisse
1239 1121 1380 1153 videtur.
1428 1120 1478 1151 Sic
1494 1120 1593 1151 etiam
1618 1120 1732 1153 Heius,

411 1179 504 1221 legit.
552 1178 641 1209 Idem
658 1178 776 1218 Argaei,
798 1182 851 1206 aut
868 1174 974 1216 potius
989 1175 1096 1217 Argei,
1117 1174 1266 1210 Alcathoi,
1284 1172 1357 1214 quia
1369 1171 1470 1214 Argis
1486 1179 1627 1203 venerat.
1674 1172 1736 1202 Pe-

412 1232 515 1273 lasgus
539 1229 643 1261 dietus
664 1227 793 1258 ovidio.
840 1227 923 1258 Attei
945 1226 1033 1268 Junt.
1083 1234 1192 1256 mutata
1217 1224 1283 1255 ead.
1304 1234 1377 1254 cum
1393 1224 1479 1254 Ven.
1507 1222 1592 1262 1484
1616 1229 1648 1254 et
1671 1222 1734 1254 ms.

413 1282 519 1319 Bafil„
552 1281 604 1312 sed
634 1279 720 1310 τςέὶε
751 1279 858 1309 munita
889 1276 977 1308 dedit
1011 1275 1139 1306 Aldina.
1235 1275 1308 1307 106.
1339 1275 1482 1308 Alcatho'e·
1507 1274 1619 1305 eadem
1644 1275 1733 1307 Ven.

413 1334 560 1369 Archadio
587 1332 675 1372 Junt.
696 1339 769 1360 cum
786 1327 891 1366 Basti„
914 1327 967 1358 sed
983 1327 1102 1358 iterum
1129 1326 1298 1357 emendate
1314 1326 1451 1358 Alcathoi
1467 1325 1593 1356 editum
1616 1324 1650 1356 in
1675 1323 1735 1356 Al-

413 1385 497 1417 dina.
542 1383 702 1425 Phoebique
717 1381 800 1412 det-us
814 1381 895 1410 Ven.
914 1379 1036 1410 eadem.
1085 1377 1253 1420 Phoeboque
1269 1378 1351 1408 decus
1368 1379 1472 1418 Junt.‚
1488 1375 1541 1407 sed
1557 1375 1655 1407 etiarn
1671 1374 1734 1406 hoc

411 1435 618 1469 emendatum
634 1433 665 1464 in
683 1431 812 1462 Aldina.
906 1439 976 1470 107.
1002 1428 1187 1471 Legebatur
1213 1431 1371 1465 imitantur,
1386 1427 1451 1458 scil.
1469 1427 1552 1465 saxa,
1577 1426 1664 1469 quod
1679 1425 1734 1462 vix

413 1499 452 1520 cx
468 1482 727 1517 antecedentibus
744 1481 858 1512 elicias.
903 1481 936 1511 Si
961 1481 1050 1512 Stant
1075 1481 1205 1522 [Megara
1228 1478 1403 1521 legeretur,
1425 1477 1526 1520 posset
1552 1489 1589 1509 eo
1605 1477 1733 1510 referri.

744 979 802 1008 103
838 969 910 1004 laten
934 968 1012 998 latex
1027 966 1077 997 ed.
1099 967 1182 996 Ven.
1202 965 1297 1004 1484,
1314 969 1507 1007 perperam3
1530 965 1586 996 etfi
1615 965 1730 996 Calde-
1786 995 1789 998 .

411 1536 604 1581 Legendum
620 1534 720 1577 igitur
735 1540 790 1564 aut
805 1534 933 1565 imitatur
950 1532 1030 1577 sa‘pe
1045 1533 1116 1576 lapis
1128 1544 1138 1564 .-
1161 1539 1288 1574 rccrepat
1305 1531 1338 1563 G.
1358 1542 1395 1561 m.
1409 1529 1508 1573 puffus
1529 1531 1573 1562 Et
1585 1543 1622 1562 v.
1668 1530 1734 1560 Oc-

410 1685 523 1729 dum3
551 1691 587 1720 et
606 1683 749 1720 ridentia
766 1679 904 1722 conchis,
929 1692 1035 1717 accu-

411 1745 487 1773 rate
522 1735 567 1772 ad
601 1744 764 1770 naturam
801 1732 901 1768 loci:
937 1744 1035 1773 nam,

410 1787 509 1837 quod
541 1785 703 1835 Scaliger
731 1785 805 1834 jam
828 1783 968 1820 monuit
993 1796 1037 1819 ex

411 1838 588 1877 Pausania
607 1838 671 1874 lib.
693 1836 725 1879 I,
759 1848 824 1884 44,
852 1844 947 1871 totus
975 1835 1038 1871 ille

410 1892 544 1929 trassus
575 1889 653 1940 agri
681 1886 901 1938 Megarenlis
917 1885 1038 1936 lapide

409 1941 583 1981 conchite
601 1940 774 1983 abundat,
801 1937 956 1975 candido
976 1937 1039 1974 ad-

412 1994 563 2033 modum
603 1992 739 2035 colore,
776 1990 837 2028 cui
871 1989 1038 2040 plurimae

411 2046 534 2084 insunt
552 2043 700 2082 conchae
722 2042 880 2079 marinae.

411 2093 1038 2188 ᾗυέῐῗέιοέἓὰῑοῗῗῗῗωῗῗέἕᾞιῖἓῖ

410 2203 446 2246 I,
462 2215 510 2252 42
532 2213 603 2252 pr„
622 2211 730 2249 quam
753 2198 830 2248 jam
851 2197 1040 2247 Theognis

410 2253 536 2305 attigit
573 2266 607 2288 v.
644 2264 730 2302 771.
766 2262 856 2300 772.
927 2251 1037 2286 Alca-

411 2307 520 2344 thous
541 2303 686 2353 Pelopis
703 2301 730 2339 f.
753 2300 959 2352 lvi-garam,
978 2300 1038 2338 seu

410 2357 529 2396 verius
570 2353 772 2404 acropolim
821 2353 931 2390 muris
960 2352 1037 2389 cin-

410 2410 498 2448 xiffe
527 2406 722 2449 ferebatur,
751 2403 890 2442 Phoebo
923 2418 1039 2455 operae

411 2460 579 2499 consorte
596 2472 605 2495 ε
639 2457 735 2494 unde
752 2455 809 2493 seu
828 2456 950 2494 saxum
970 2456 1038 2493 ali-

411 2513 529 2564 quod,
560 2510 620 2547 cui
648 2507 776 2546 Phoebi
803 2507 943 2545 cithara
959 2508 1037 2545 fue-

411 2575 465 2603 rat
483 2561 649 2614 imposita
681 2559 744 2608 (fic
777 2558 923 2597 Pausan.
956 2560 982 2598 1.
1001 2572 1034 2596 c.

410 2627 447 2654 et
465 2616 696 2665 Epigramma
715 2625 733 2647 a
755 2609 940 2661 Scaligero
958 2612 1036 2649 lau-

409 2669 550 2709 datum,
563 2664 661 2716 qnod
681 2662 763 2699 vide
778 2662 815 2699 in
832 2663 1034 2713 Antholog.

410 2720 478 2757 lib.
493 2718 566 2761 IV,
583 2730 618 2767 p.
636 2728 727 2767 490.
744 2714 871 2750 W'ech.
893 2728 929 2764 p.
947 2728 1033 2765 35¹-

411 2770 536 2824 Steph.
563 2768 672 2808 Anal.
703 2766 858 2804 Brunck.
889 2780 926 2818 p.
963 2780 1033 2818 ¹92

1636 1581 1738 1613 currit

1101 1677 1245 1717 CCIV,
1282 1675 1356 1714 To,
1387 1676 1495 1725 HL),
1527 1675 1585 1714 seu
1624 1676 1732 1713 turris

1100 1740 1190 1774 erat,
1223 1742 1303 1780 quae
1333 1728 1458 1779 lapillo
1487 1728 1660 1779 percussa,
1691 1727 1732 1766 in

1101 1782 1250 1819 citharae
1274 1780 1376 1817 tafiae
1407 1793 1560 1823 morem,
1592 1779 1732 1818 resona-

1103 1833 1165 1870 bat
1214 1831 1342 1880 (ovid.
1379 1831 1474 1870 Met.
1521 1831 1633 1875 VIII,
1682 1845 1732 1882 14

1102 1885 1199 1937 sqq.)
1236 1883 1435 1921 Alcathous
1466 1883 1602 1921 Aemus
1630 1883 1668 1922 h.
1687 1883 1732 1928 l.‚

1103 1947 1276 1988 quatenus
1296 1935 1515 1986 Megarenfis
1544 1948 1631 1986 ager
1661 1935 1733 1972 At-

1104 1989 1186 2026 ticae
1223 2000 1304 2037 pars
1338 1987 1464 2027 haberi
1498 1997 1651 2038 poterat,
1694 1996 1731 2025 et

1104 2040 1194 2078 olim
1223 2039 1262 2076 in
1282 2039 1558 2077 Atheniensium
1587 2039 1732 2078 ditione

1105 2092 1205 2129 fuisse
1240 2091 1474 2137 credebatur3
1505 2091 1556 2129 cf.
1578 2090 1730 2131 Pausan.

1103 2144 1238 2203 1›‚39³‚
1271 2156 1308 2193 p.
1338 2156 1402 2193 94.
1437 2143 1464 2183 f.
1496 2156 1560 2194 95.
1629 2143 1730 2181 Nam

1103 2198 1243 2245 alioqui
1288 2195 1530 2244 Peloponneso
1574 2195 1731 2233 advene-

1103 2258 1158 2285 rat
1177 2246 1391 2291 AlcathouS‚
1423 2246 1565 2298 Pelopis
1594 2246 1731 2298 quippe

1103 2300 1211 2339 fixius.

1161 2364 1246 2402 ¹07·
1273 2357 1427 2388 imitatur
1459 2350 1583 2388 saxum
1613 2349 1732 2390 citha-

1104 2417 1150 2442 1·ae
1184 2403 1322 2440 sonum.
1390 2402 1547 2451 Cyllenia
1573 2419 1728 2449 munera,

1103 2456 1219 2505 lyram
1249 2468 1269 2491 a
1299 2455 1369 2492 deo
1388 2454 1561 2504 Cyllenio
1579 2453 1729 2492 Mercu-

1104 2507 1175 2551 rio,
1215 2506 1411 2544 inventam.-
1467 2506 1578 2556 Lapis
1613 2505 1728 2557 igitur

1102 2558 1236 2609 pulsus,
1264 2559 1287 2595 si
1308 2558 1483 2610 percuffus
1514 2558 1639 2603 fuerit,
1676 2573 1728 2596 req

1101 2621 1212 2660 crepat
1240 2610 1369 2659 lyram,
1400 2611 1436 2648 h.
1470 2610 1624 2654 resonat,
1642 2608 1729 2647 imi-

1104 2672 1199 2700 tatur
1244 2663 1368 2700 sonum
1412 2663 1511 2711 lyrae.
1579 2671 1728 2703 veterem

1103 2713 1232 2752 Phaebi
1265 2714 1440 2751 honorem:
1481 2714 1625 2752 videtur
1655 2713 1726 2750 hoc

1101 2766 1228 2805 codem
1247 2764 1345 2804 sensu
1373 2764 1526 2812 dicium,
1557 2778 1624 2818 pro
1647 2777 1728 2802 mu·

1631 2827 1730 2862 nere,
