1835 3396
631 186 951 234 CIRIS.

134 321 299 371 Ae'reis
322 320 479 385 potius
503 319 754 368 sublimem
781 318 966 365 sustulit
989 318 1092 376 alis,

132 415 262 464 Effet
283 428 335 464 ut
352 417 401 462 in
425 414 559 461 terris
583 413 691 459 facti
715 413 774 459 de
800 412 996 458 nomine
1020 411 1160 469 Ciris,

136 503 261 551 Ciris
284 505 536 567 Amyclaeo
554 503 799 550 formofior
824 503 980 550 ansere
1006 503 1170 550 Ledae.

136 597 213 648 Ae
236 596 365 643 velut
390 597 438 642 in
463 597 604 643 niveo
628 607 801 641 tenerae
819 610 932 641 cum
950 595 1173 658 primitus
1197 609 1292 642 ovo
1356 608 1454 657 490

136 686 332 750 Effigies
356 686 608 732 animantis
633 698 680 731 et
702 684 971 749 internodia
994 684 1224 733 membris

137 776 406 840 Inperfecta
430 793 553 824 novo
576 775 762 822 fluitant
785 786 1002 822 concreta
1024 776 1206 823 calore:

141 871 220 918 Sic
244 871 428 933 liquido
451 870 623 932 Scyllae
646 867 988 916 circumfusum
1011 885 1204 932 aequore
1227 886 1400 934 corpus

139 961 357 1010 Semiferi
379 960 567 1008 incertis
594 961 739 1007 etiam
762 976 887 1007 nunc
910 960 1122 1022 partibus
1145 974 1272 1008 artus

140 1053 374 1117 Undique
398 1052 659 1108 mutabant,
693 1064 833 1114 atque
856 1052 1064 1114 undique
1087 1053 1408 1101 mutabantur.

139 1141 250 1190 Oris
274 1143 420 1190 honos
436 1143 667 1206 primum,
698 1153 746 1188 et
769 1142 931 1188 multis
955 1141 1326 1207 optatajlabellth
1359 1145 1454 1209 496

140 1270 182 1300 die
197 1279 278 1314 regno
292 1273 482 1315 Amphitrites
507 1274 564 1304 ms.
583 1272 674 1306 Bafil.
700 1273 787 1315 quod
810 1273 967 1316 refingere
980 1274 1107 1306 videtur
1123 1275 1235 1307 Heins.
1274 1276 1460 1317 Nimiumque

142 1324 241 1366 itfidae
266 1335 350 1368 regno
361 1327 559 1369 Amphitrites.
585 1327 661 1356 Non
678 1326 750 1359 satis
762 1327 828 1357 vim
838 1327 1004 1370 perspicio.
1028 1328 1169 1370 Vulgata
1179 1338 1216 1358 eo
1228 1327 1361 1369 speeiem,
1372 1327 1459 1368 quod

143 1382 269 1406 mutata
280 1376 312 1406 in
329 1376 446 1418 piscem
463 1377 565 1417 Scylla
596 1377 773 1408 belluarum
802 1378 976 1409 voracitate
1003 1379 1144 1420 peritura
1175 1377 1458 1418 fuissem—489.

143 1427 427 1468 Amyclaeae—-Ledae
443 1428 628 1470 requiritur.
673 1429 723 1459 Sic
734 1437 765 1459 et
776 1429 884 1460 Heins.
929 1430 1035 1461 Anser
1065 1441 1124 1472 pro
1155 1430 1263 1465 olore;
1285 1437 1322 1461 ut
1335 1437 1366 1460 et
1382 1429 1461 1463 alibi

142 1477 229 1518 apud
244 1481 366 1519 poetas.
455 1488 529 1521 490.
554 1480 616 1511 Hic
645 1481 721 1510 velut
748 1480 821 1511 edd.
854 1488 930 1510 vett.
950 1481 1049 1511 etiam
1065 1481 1184 1512 Aldina
1200 1492 1273 1512 cum
1290 1479 1381 1511 Basll.
1399 1481 1458 1511 ms-

141 1534 217 1558 tener
229 1529 264 1571 5st
274 1541 331 1559 cum
341 1532 474 1571 primitus
488 1530 617 1562 Aldina.
660 1538 757 1562 tenerae
772 1544 830 1562 cum
842 1534 967 1574 protinus
979 1533 1063 1563 Ven.
1084 1531 1180 1569 1484,
1205 1534 1295 1574 Junt-
1308 1532 1460 1564 Norimb.

145 1578 238 1621 (cum
255 1579 329 1611 Ald.
342 1589 414 1612 tert.
433 1589 464 1613 et
482 1581 571 1613 Bafil.
587 1582 662 1626 ms.)
679 1589 710 1613 ct
720 1582 774 1620 al.‚
795 1590 826 1613 et
842 1591 920 1624 puto
931 1590 1060 1624 protenus
1075 1587 1208 1625 poetam
1219 1585 1321 1626 magis
1337 1584 1463 1615 decere.

230 1640 306 1672 491.
328 1633 439 1674 Effigies
455 1636 614 1664 animantur
627 1641 710 1665 vett,
727 1634 799 1666 edd.
816 1642 934 1677 praeter
949 1634 1116 1674 Aldinam,
1137 1636 1170 1667 in
1196 1647 1258 1679 qua
1289 1636 1333 1666 est
1348 1636 1463 1677 Effigies

142 1684 306 1721 animantis,
338 1685 464 1723 melius,
499 1694 591 1728 put0,
628 1686 684 1718 etfi
714 1685 847 1718 alteram
873 1687 1020 1729 praeferat
1041 1687 1180 1731 Scaliger
1210 1698 1283 1718 cum
1315 1687 1462 1719 Heinsio.

144 1734 244 1766 Certe
259 1746 323 1766 non
336 1735 440 1777 placet
455 1747 462 1767 :
487 1744 591 1767 teneras
607 1739 706 1781 {ffigies
731 1740 760 1767 in
775 1751 824 1768 ovo
839 1741 972 1769 animari.
1016 1739 1139 1770 Contra
1161 1739 1312 1781 praeclare
1327 1749 1335 1770 ἰ
1359 1746 1462 1770 tenerae

140 1787 241 1830 ffgies
256 1790 530 1831 animatztisfluitatzt
556 1792 583 1819 in
600 1803 649 1820 ovo
662 1805 673 1822 .·
709 1791 743 1821 h.
762 1790 950 1821 adumbrata
966 1790 1045 1833 pulli
1061 1791 1165 1822 forma
1181 1791 1344 1833 inliquore
1360 1799 1463 1824 natat.

144 1848 308 1880 ---492.
329 1841 414 1870 colore
428 1841 512 1872 Vcn.
533 1841 627 1879 1484.
674 1842 781 1873 Etiam
798 1841 886 1874 color
899 1842 1000 1872 vitelli
1017 1849 1178 1880 mutatur3
1210 1842 1312 1884 ficque
1328 1855 1396 1874 novo
1411 1854 1463 1874 ac-

144 1890 378 1921 commodatius
394 1890 450 1923 est.
495 1892 543 1922 At
572 1893 647 1922 calor
676 1903 713 1923 ex
738 1892 938 1923 incubatione
951 1893 1004 1924 est.
1049 1906 1134 1924 novus
1160 1893 1221 1925 erit
1246 1894 1462 1933 continuatus,

144 1941 312 1974 succedens
327 1943 366 1974 de
378 1953 472 1976 novo.
563 1954 640 1986 493.
664 1945 867 1986 liquidum-ms.
879 1945 969 1978 ssafil.
1059 1956 1100 1987 49
1103 1955 1136 1986 5.
1154 1945 1229 1987 496.
1253 1953 1339 1990 atque
1349 1949 1462 1988 undique

146 1994 308 2025 mutabatur
320 1994 385 2024 Oris
399 1995 477 2025 honos
491 2007 499 2027 :
528 1998 653 2038 primum
669 1997 760 2027 multis
777 1996 888 2038 legunt
905 2004 935 2028 et
952 1997 1184 2040 interpungunt
1200 2004 1279 2028 vett.
1294 1999 1377 2035 edd„
1399 1999 1462 2030 mi-

144 2055 204 2076 nus
219 2044 307 2076 bene.
356 2046 453 2089 Qod
465 2046 628 2085 habemus,
654 2047 781 2080 Aldina:
807 2049 952 2083 debetur.
997 2048 1105 2080 Heins-
1135 2056 1238 2081 tentat
1253 2051 1392 2082 molebant
1408 2051 1460 2083 vel

146 2098 289 2130 nutabant.
336 2099 371 2128 In
387 2098 444 2129 ms.
460 2098 550 2132 Basil.
566 2100 648 2132 abest
661 2107 695 2132 et.

146 2191 284 2230 Proteus
312 2201 409 2241 pecus
443 2197 511 2242 egit
543 2192 626 2231 altos
663 2195 772 2244 Visere

146 2254 280 2281 montes.
334 2242 428 2280 ΜΟΧ
444 2246 518 2293 488
534 2251 566 2281 in
586 2252 696 2290 terris,
716 2246 771 2282 in-

146 2305 203 2332 ter
234 2294 397 2332 homines
438 2296 636 2346 appellatur
672 2297 773 2334 Ciris

148 2347 215 2385 ἀπὸ
248 2351 291 2384 τέ
324 2348 447 2396 κείςειν,
474 2349 623 2386 detonsa
658 2350 771 2400 patris

145 2411 265 2436 coma.

199 2463 276 2500 490
287 2450 364 2500 sqq.
393 2450 510 2488 Totus
523 2452 623 2489 locus
637 2452 682 2490 cle
698 2466 770 2489 :ne-

149 2502 367 2553 tamorphofi
402 2503 484 2546 hac,
535 2514 571 2541 et
605 2505 772 2554 inprimis

148 2554 371 2603 comparatio
389 2553 464 2591 haec
499 2555 677 2593 inchoata}
693 2570 771 2593 mu-

147 2604 298 2643 tationis
329 2605 459 2654 Scylla:
491 2606 529 2644 in
548 2607 669 2644 alitem
688 2621 770 2645 cum

147 2655 274 2694 vitello
293 2657 355 2694 ovi
374 2657 412 2694 in
431 2659 569 2708 pullum
604 2660 771 2704 abeunte,

147 2720 192 2745 ex
216 2708 477 2760 elegantiffimis
502 2711 564 2754 est,
592 2720 627 2748 et
645 2711 773 2754 miror,

149 2771 228 2803 cam
279 2760 438 2808 Nasoni,
496 2762 772 2814 ingenioszffimo

837 2194 995 2239 homini,
1023 2207 1096 2232 non
1116 2193 1154 2231 in
1171 2205 1327 2234 mentem
1345 2198 1463 2235 venis-

837 2247 884 2283 se.
940 2259 1029 2297 491.
1056 2259 1145 2297 492.
1172 2251 1358 2286 internodia
1373 2254 1462 2298 flui-

837 2309 914 2335 tant
931 2298 1083 2336 membris
1113 2311 1179 2348 pro
1203 2300 1371 2351 vulgari:
1401 2302 1462 2338 in·

837 2350 1002 2387 ternodia
1033 2351 1275 2388 membrorum
1304 2351 1460 2392 fluitant.

837 2414 927 2450 493,
955 2402 1075 2452 liquido
1091 2406 1317 2454 circlcnfifimz
1335 2421 1462 2455 aequore

836 2465 972 2503 corpus:
999 2453 1120 2490 nescio
1137 2467 1181 2490 an
1201 2464 1369 2505 arguter:
1399 2457 1459 2494 scd

837 2505 960 2542 malim
994 2518 1068 2542 non
1086 2516 1157 2542 tam
1175 2517 1358 2544 exemtum
1378 2508 1460 2545 vin-

837 2557 927 2594 culis
943 2567 979 2594 et
998 2557 1088 2594 mari
1107 2568 1245 2602 natans,
1272 2572 1379 2609 quam
1395 2573 1460 2609 po-

837 2608 923 2651 tius,
953 2618 991 2645 ut
1019 2609 1138 2659 pullus
1169 2608 1208 2645 in
1231 2623 1302 2647 ovo
1320 2611 1462 2660 liquore

837 2660 1011 2702 ambitur,
1040 2660 1086 2697 sic
1105 2660 1256 2698 humore
1274 2662 1332 2699 scu
1349 2662 1462 2699 nebu-

836 2712 872 2748 la
904 2711 1081 2749 inclusum
1107 2725 1251 2762 corpus,
1277 2714 1364 2751 dum
1383 2727 1462 2751 mu-

840 2763 996 2809 tabatur,
1025 2763 1234 2812 significari.

1046 2829 1071 2867 4
1371 2829 1464 2868 500·
