1835 3396
358 211 564 262 (ΜΕ-ιο
599 210 1128 263 EXPREssoRUM.
1310 234 1398 282 ψ

76 354 138 384 vas
152 345 369 384 Bacchicum
387 358 432 382 ex
451 359 486 383 v.
506 359 539 383 c.
561 345 730 383 Dominici
745 346 829 384 Ant.
844 348 966 386 Bracci
980 349 1011 384 C
1013 353 1233 388 ommentariis
1253 352 1292 388 de
1309 358 1401 390 anti-

75 411 148 456 quis
151 404 376 456 scalptoribus
394 405 467 442 Vol.
488 405 543 442 II.
562 415 639 454 app.
655 415 681 442 t.
709 418 769 456 ις,
792 419 827 443 2.
856 405 1013 444 servatur
1043 409 1136 446 illud
1167 409 1206 446 in
1234 409 1402 449 Cimeliis

77 465 130 503 D.
151 466 315 516 Rendorp.
332 466 530 517 Marquette
549 465 718 502 Consulis
737 466 1084 507 Amstelodamenfis.
1113 469 1228 507 Vides
1243 470 1398 517 sacrum,

75 536 150 576 quo
184 539 272 576 puer
301 526 443 564 hircum
479 526 525 563 ad
562 539 660 562 aram
689 525 807 570 ducit,
835 528 1052 566 adstantibus
1070 530 1209 568 duabus
1228 530 1398 579 Bacchis,

73 595 210 635 pateras
230 586 445 630 tenentibus,
473 599 557 624 cum
572 586 696 624 Fauno
714 595 750 624 et
775 588 903 637 Satyro
934 591 1137 641 capripede.
1193 591 1255 628 Ab
1285 593 1399 631 altera

73 656 173 696 parte
190 646 295 684 senex
314 659 420 684 manu
439 647 575 684 sublata
589 646 784 698 praecipere
805 647 924 686 nescio
951 650 1038 700 quid
1054 650 1209 688 videtur.
1263 652 1398 703 Sphin-

71 718 134 762 ges
149 719 216 757 pro
233 717 446 744 ornamento
464 706 558 746 sunt.

124 824 238 864 XIII.
265 841 304 878 p.
324 842 388 880 92·
407 828 530 877 odfin.
544 827 616 866 Ecl.
639 828 706 866 IV.
727 827 891 866 absoluto
906 829 982 880 jam
997 831 1113 881 operi,
1132 842 1171 870 nt
1188 832 1291 877 solet,
1306 847 1394 884 prae-

71 881 224 931 wiffam,
253 896 293 924 ut
326 887 418 924 adeo
449 887 566 924 otium
594 887 923 939 circumspicerem.
977 889 1133 928 Gemma
1152 906 1171 929 a
1189 893 1312 930 multis
1329 907 1393 931 ex-

69 945 193 994 press'a,
219 945 327 984 etiam
345 947 485 998 piciura
499 947 543 984 ab
556 947 739 984 Annibale
758 947 937 986 Caraccio
966 946 1003 985 in
1035 948 1206 989 Farnefiis
1237 953 1390 992 aedibus.

69 1004 248 1044 Hercules
265 1007 462 1058 quiescens,
488 1008 574 1044 saxo
597 1007 753 1045 insidens
785 1008 897 1045 leonis
927 1010 1066 1048 exuviis
1093 1012 1241 1050 instrato
1256 1031 1266 1060 ;
1294 1027 1390 1065 pone

68 1062 266 1102 Diomedis
281 1079 456 1116 equorum
475 1076 663 1116 protome3
693 1079 752 1116 pes
784 1066 970 1117 impositus
987 1069 1088 1108 alteri
1117 1071 1215 1117 saxo,
1242 1072 1282 1110 in
1313 1089 1389 1126 quo

67 1122 240 1171 reclinata
266 1124 382 1171 clava,
409 1125 570 1176 Sphinge
601 1126 781 1176 appofita:
827 1140 898 1177 quo
931 1128 1095 1174 consilio,
1134 1131 1194 1167 vix
1227 1145 1389 1182 pronun-

68 1181 172 1228 tiem,
199 1183 264 1221 nifi
283 1184 413 1223 artifex
432 1185 632 1236 fignificare
650 1186 765 1222 voluit
780 1187 1018 1237 allegoricum
1053 1191 1119 1226 effe
1145 1204 1257 1241 opus;
1302 1192 1389 1231 sub-

63 1243 200 1294 jefium
227 1246 275 1284 est
305 1255 414 1297 caput
447 1247 526 1296 apri
544 1246 777 1296 Erymanthii
812 1262 895 1285 cum
924 1249 1029 1286 trinis
1061 1252 1176 1302 pomis
1213 1252 1388 1304 Hesperi-

66 1304 169 1342 dum.
222 1305 460 1344 Mirationem
478 1305 620 1357 gladius
657 1306 713 1344 seu
745 1307 858 1344 culter
877 1307 967 1344 facit
990 1309 1113 1347 formae
1131 1324 1247 1355 novae,
1277 1326 1386 1362 quem

66 1378 176 1404 manu
210 1376 332 1413 tenet;
374 1377 414 1405 ut
445 1379 509 1404 nec
541 1377 659 1403 tamen
688 1368 879 1405 manubrio
910 1380 1017 1420 caput
1051 1370 1237 1409 sustentare
1265 1373 1385 1411 videri

65 1425 197 1465 debeat
208 1441 219 1471 ;
246 1427 414 1478 vaginam
429 1437 530 1478 putes
544 1428 687 1478 gremio
704 1428 906 1477 impofitam
921 1431 986 1467 effe
1001 1446 1010 1474 3
1040 1430 1093 1467 uti
1112 1444 1215 1468 arcus
1228 1446 1247 1468 a
1266 1444 1387 1485 tergo,

61 1484 240 1536 Inscripta
257 1485 366 1524 verba
382 1486 537 1538 quierem
551 1485 672 1522 labore
684 1486 803 1536 parari
815 1487 947 1525 docent
962 1502 970 1525 :
1001 1493 1091 1527 πόνος
1116 1497 1159 1528 τὲ
1177 1497 1286 1530 καλῶς
1304 1499 1386 1532 ἡσυ-

64 1545 184 1597 χάζειν
201 1546 320 1585 αἴτιος.
387 1546 595 1596 Archetypa
619 1546 744 1590 Sarda,
771 1547 817 1584 de
848 1549 948 1596 cujus
974 1550 1191 1600 antiquitate
1222 1553 1384 1592 dubitari

62 1619 138 1644 non
153 1606 249 1652 vidi,
275 1607 364 1644 olim
384 1605 550 1648 Crozati,
578 1615 676 1642 extat
707 1606 744 1642 in
781 1605 911 1644 Museo
949 1609 1063 1646 Ducis
1092 1610 1380 1650 Aurelianensis:

63 1666 267 1717 Dfirg‘ption
290 1669 335 1705 du
368 1665 514 1704 Cabinet
544 1668 588 1702 da
608 1666 684 1703 Duc
702 1668 727 1703 d
733 1666 888 1704 'Orlsans
907 1669 950 1705 T.
970 1670 1004 1712 I,
1031 1669 1103 1708 tab.
1127 1672 1187 1708 86.
1243 1671 1382 1712 Extant

61 1727 133 1765 alia
146 1726 328 1776 exempla,
354 1736 394 1763 ut
413 1725 505 1762 inter
521 1724 694 1762 Gemmas
714 1727 807 1776 regis
827 1724 1030 1764 Galliarum
1049 1743 1058 1765 :
1101 1730 1196 1780 apud
1214 1731 1379 1773 Effariette

22 1824 24 1826 .
62 1785 124 1824 To.
142 1786 178 1823 I.
196 1785 268 1823 lab.
291 1789 351 1834 84.
374 1788 435 1836 85.
466 1784 538 1821 alia
566 1784 660 1821 inter
682 1783 820 1834 Eetypa
854 1785 1017 1836 Lipperti
1035 1797 1171 1825 extant.
1227 1791 1378 1828 Sacrum

59 1844 147 1894 Jovi
166 1844 302 1882 Cenaeo
321 1844 453 1881 facium
483 1843 666 1894 respexiffe
682 1843 799 1880 videri
829 1846 940 1895 potest
969 1846 1115 1891 artifex,
1143 1847 1169 1885 fi
1200 1849 1322 1888 saxum
1342 1861 1379 1889 et

58 1904 196 1942 cultum
215 1903 390 1940 advertas.
416 1916 450 1940 v.
468 1903 641 1954 Sophocl.
656 1903 834 1942 Trachin.
854 1919 928 1955 750
946 1904 1022 1956 sqq.

110 2005 226 2044 XIV.
253 2019 289 2057 p.
308 2018 372 2056 94.
391 2007 442 2044 ad
440 2007 509 2056 fin.
529 2021 662 2057 argum.
677 2007 749 2044 Ecl.
764 2005 816 2049 V,
836 2020 907 2057 qua
922 2007 1087 2058 Daphnis
1097 2009 1270 2057 defletum
1288 2022 1323 2050 et
1339 2027 1375 2051 v.

58 2081 107 2118 42
123 2066 290 2104 pastores.
344 2065 390 2102 Et
424 2065 584 2102 tumulmn
607 2069 735 2116 filesta,
780 2077 811 2102 et
838 2067 958 2103 tantalo
979 2071 1197 2117 ficpemddile
1227 2086 1372 2110 carmen.

56 2127 339 2166 Monumentum
356 2124 575 2175 sepulcrale:
617 2126 664 2162 est
684 2126 885 2176 exemplum
909 2127 1034 2176 exigui
1055 2127 1113 2166 sed
1132 2129 1305 2181 elegantis
1322 2133 1376 2171 se-

55 2186 191 2240 pulcri,
218 2185 316 2236 quod
332 2182 489 2221 Puteolis
507 2184 630 2221 viiiiur
645 2188 679 2221 ia
698 2186 711 2219 l
721 2186 824 2237 'vage
832 2190 1024 2237 pisam-72:11⁶>
1041 2188 1079 2223 de
1109 2188 1237 2240 Naples
1250 2206 1287 2243 p.
1309 2195 1374 2244 58.

108 2290 202 2328 XV.
218 2303 253 2341 p.
274 2301 357 2339 124.
374 2290 491 2339 adfin-
514 2289 588 2327 Ecl.
610 2289 679 2333 VJ,
707 2289 745 2326 in
763 2289 842 2326 Ecl.
863 2305 900 2339 4.
922 2290 1024 2340 pueri
1045 2293 1167 2332 nescio
1183 2310 1253 2348 qua
1272 2295 1374 2334 fatali

54 2348 230 2390 felicitate
249 2349 492 2386 memorabilis
513 2349 730 2386 incunabula
749 2350 1010 2399 praedicantur:
1041 2353 1133 2401 Jam
1150 2372 1241 2393 nova
1255 2368 1373 2408 [ηομ-

52 2418 119 2450 nies
135 2411 214 2450 &oelo
230 2412 415 2447 demittitur
429 2409 509 2447 allo.
564 2408 622 2445 Est
641 2411 883 2459 anaglyphum
915 2411 952 2447 in
968 2412 1103 2449 aedibus
1121 2414 1348 2463 justinianeis
1365 2435 1375 2458 ε

59 2472 174 2524 (unde
191 2471 229 2508 in
248 2470 392 2507 Galeria
422 2470 564 2519 Gizstin.
593 2468 655 2507 To.
681 2471 740 2514 II,
770 2472 833 2514 61,
861 2480 894 2506 ct
914 2471 952 2507 in
972 2473 1188 2512 Admirandis
1205 2477 1278 2514 tab.
1299 2480 1375 2526 26)

53 2529 255 2582 argumenti
274 2529 372 2566 docti
392 2529 556 2579 quidem,
585 2542 650 2566 nec
667 2529 812 2566 indo&
826 2530 1012 2574 delineati,
1042 2534 1133 2569 male
1152 2545 1270 2572 tamen
1285 2549 1372 2573 con-

53 2589 205 2628 cinnati.
259 2588 395 2626 Affidet
425 2588 569 2638 Jupiter
600 2601 688 2638 puer
725 2588 860 2625 arboris
895 2599 1037 2633 trunco,
1081 2602 1117 2628 et
1145 2606 1164 2629 a
1199 2595 1373 2645 Nympha

55 2650 247 2688 Amalthea
264 2649 414 2685 iaciatur
427 2661 541 2685 cornu
561 2648 614 2685 ori
630 2648 792 2686 admoto.
850 2649 929 2686 Stat
946 2663 964 2685 a
985 2660 1085 2700 tergo
1099 2662 1266 2705 tanquam
1288 2668 1373 2703 pro-

52 2707 156 2748 diens
190 2720 235 2746 ex
263 2717 366 2746 antro
401 2705 543 2747 Dic‘iaeo
579 2707 779 2758 Satyriscus
808 2707 988 2760 syringem
1026 2709 1164 2751 inflans.
1221 2714 1378 2751 Arboris

101 2767 219 2807 Tom.
243 2766 314 2807 IV.
801 2781 826 2817 q
1250 2783 1378 2811 trunco
