1835 3396
361 195 562 245 cAELo
596 195 1121 245 EXPRESSORUM.
1321 213 1406 262 251

100 329 194 374 Belli
206 333 358 381 firratos
383 335 473 379 rupit
506 330 672 367 Saturnia
690 332 803 380 postes.
857 330 901 367 In
928 330 1063 367 dileetu
1090 338 1209 367 tamen
1243 329 1330 379 Jani
1347 330 1417 369 arti

98 390 220 441 potius
252 388 322 426 suae
357 401 466 439 quam
499 389 647 426 veritati
681 388 862 428 consuluit
901 388 1086 427 Fiorillus.
1155 389 1286 439 Janurn
1318 389 1417 428 enim

99 447 344 487 tranfitorium
361 448 401 484 in
419 447 500 486 foro
517 449 662 492 boario,
689 448 793 498 cujus
810 449 957 500 vestigia
974 449 1092 486 adhuc
1112 447 1298 499 supersunt
1316 449 1416 487 haud

97 508 377 552 contemnenda,
395 507 564 545 exhibuit
581 525 592 554 ;
611 522 695 546 curn
710 509 749 546 in
764 514 872 560 poeta
891 511 936 546 de
951 509 1038 558 Jani
1057 509 1132 546 aede
1145 508 1243 559 pacis
1255 508 1417 560 bellique

97 565 221 604 indice
247 577 375 618 agatur
387 583 398 612 ;
427 578 502 605 erat
529 567 593 605 illa
610 568 697 618 Jani
713 569 866 620 gemini,
896 578 1042 620 eratque
1058 568 1204 611 biforis‚
1231 576 1267 605 et
1285 568 1348 604 fita
1366 568 1415 605 ad

83 625 213 672 ‘imum
232 627 455 678 Argiletum,
481 641 594 679 prope
611 628 790 666 theatrum
807 628 994 674 Marcelli,
1023 628 1088 666 sub
1102 627 1286 666 radicibus
1300 628 1416 678 Capi-

96 685 180 723 tolii
199 698 208 722 :
237 687 340 736 cujus
359 686 491 724 faciem
515 697 635 738 petere
653 688 787 726 licebat
800 702 820 726 e
838 689 958 726 numis
984 688 1140 740 Augusti
1157 698 1220 726 aut
1237 688 1414 739 Neronis„

94 745 197 796 cujus
209 745 326 796 plures
345 746 427 783 sunt
445 746 548 784 numi
564 746 649 796 Jani
668 747 744 785 aede
761 747 939 799 insigniti.

143 863 195 903 V.
223 881 259 918 p.
292 881 377 918 173.
405 874 439 905 in
454 872 573 919 fronte
591 867 675 906 libri
690 868 798 905 VIII
807 869 896 909 AEn.
941 869 1068 908 Venus
1087 869 1296 909 Vulcanum
1316 870 1410 914 adit,

91 933 132 963 ut
150 939 248 963 arma
267 927 391 964 AEneae
407 927 619 972 fabricetur,
639 937 759 979 rogat,
787 926 903 973 VHI,
931 932 1003 979 383
1023 930 1134 968 Arma
1152 945 1239 982 rogo,
1254 937 1413 982 genetrix

90 996 181 1023 nato.
238 986 352 1024 Petita
369 988 416 1024 est
433 987 519 1024 icon
536 999 582 1024 ex
609 988 764 1037 Lipperti
779 988 1035 1039 Dafflyliotheca
1063 990 1139 1028 To.
1172 989 1244 1027 III.
1281 1003 1317 1035 1,
1345 991 1410 1041 762.

93 1045 207 1083 Sarda
224 1047 273 1084 est
299 1047 394 1098 apud
411 1046 672 1097 elegantiarum
692 1047 885 1092 arbitrum,
920 1049 1058 1099 Regem
1088 1049 1260 1088 Polonize.
1315 1049 1412 1086 Adit

72 1155 73 1158 Ἰ
88 1104 214 1143 Venus
232 1105 438 1143 Vulcanum
458 1107 623 1158 supplex,
650 1119 749 1144 arma
765 1109 896 1146 AEneae
909 1107 987 1144 filio
1006 1118 1176 1158 rogatura
1187 1125 1198 1154 3
1226 1108 1301 1159 ipse
1315 1109 1412 1148 Vul-

85 1179 197 1203 canus
219 1165 259 1203 in
276 1166 400 1204 foculo
415 1167 544 1211 telum,
567 1167 606 1203 in
625 1180 698 1217 quo
718 1166 887 1204 cudendo
905 1180 990 1204 cum
1010 1167 1171 1205 maxime
1189 1169 1410 1215 versabatur,

83 1225 322 1264 candefacere
354 1225 512 1263 videtur.
566 1226 627 1264 Est
661 1235 780 1264 autem
807 1227 879 1264 hoc
913 1237 1165 1278 argumentum
1196 1229 1409 1279 multarum,

83 1285 210 1337 priscae
246 1298 291 1322 an
329 1285 482 1322 recentis
510 1285 610 1330 artis,
640 1297 883 1336 gemmarum,
912 1296 952 1322 ut
982 1286 1040 1322 vel
1068 1286 1162 1336 apud
1190 1285 1409 1337 Lippertum

83 1346 210 1384 videre
228 1344 326 1384 licet.
380 1343 521 1382 Notior
540 1345 587 1382 est
605 1343 670 1382 illa
684 1357 764 1394 quae
783 1345 881 1395 apud
913 1344 1133 1382 Gravelliasm
1161 1344 1313 1382 habetur
1331 1346 1410 1392 To,

81 1406 117 1446 I.
147 1418 205 1456 13.

135 1522 207 1562 VI.
236 1537 273 1575 p.
294 1525 382 1575 276.
408 1523 530 1571 adfin.
554 1522 642 1560 Exc.
662 1522 722 1559 IV
735 1523 788 1560 ad
798 1522 858 1560 lib.
878 1523 988 1560 VIII.
1044 1523 1082 1561 Si
1103 1524 1268 1575 Vimstne
1285 1524 1407 1562 lz'llerir

82 1597 166 1631 mors
181 1584 239 1632 est,
266 1582 428 1632 adeoque
446 1594 528 1619 vera
546 1581 622 1618 vita
641 1594 661 1618 e
690 1579 821 1619 litteris
849 1591 885 1620 et
916 1581 1103 1634 Sapientia
1137 1583 1403 1634 proficiscitur:

80 1641 268 1693 ingeniose
299 1641 472 1680 Minerva
503 1654 633 1692 corpus
667 1654 689 1678 a
719 1640 935 1680 Prometheo
953 1656 972 1681 e
989 1643 1068 1681 luto
1085 1642 1219 1680 fanum
1237 1643 1406 1682 animasse

77 1699 157 1744 dici
174 1702 308 1754 potuit.
363 1701 480 1739 Vides
497 1700 706 1738 Minervam
724 1700 964 1752 papilionem,
993 1704 1129 1752 ψυχὴν,
1156 1702 1405 1753 imponentem

77 1760 193 1812 capiti
206 1759 395 1798 hominisa
414 1759 630 1797 Prometheo
655 1758 787 1805 effic‘ti3
818 1761 979 1799 adstante
1010 1762 1155 1807 arbore,
1182 1761 1242 1799 cui
1263 1761 1404 1812 serpens

77 1819 114 1857 se
131 1820 310 1871 implicat.
365 1820 423 1857 Ex
440 1823 591 1870 numffm.
610 1834 653 1857 ex
671 1834 740 1856 aere
759 1821 922 1858 Antonini
939 1822 1000 1858 Pii
1009 1834 1022 1858 .·
1059 1823 1154 1873 Mus}
1175 1820 1306 1859 Alban.
1328 1822 1404 1860 Vol.

78 1881 115 1927 I,
141 1881 216 1919 tab.
234 1894 298 1933 25,
320 1894 355 1918 z.
410 1878 604 1931 Repetitur
620 1892 641 1916 a
662 1879 821 1918 Vaillant
838 1890 874 1918 et
892 1880 940 1931 al.
994 1881 1169 1920 Occurrit
1186 1881 1312 1919 fimilis
1329 1882 1405 1920 effi-

76 1941 156 1995 gies
173 1941 211 1979 in
223 1941 428 1992 anaglypho
453 1939 648 1984 notiffimo,
676 1940 721 1976 ad
756 1938 1236 1990 Pythagoreo-Platonicam
1267 1942 1406 1980 doetri-

75 2014 161 2044 nam
179 2010 403 2052 comparato,
429 1999 643 2050 sarcophagi
662 2000 700 2036 in
719 1998 834 2036 hortis
852 1999 1090 2050 Pamphiliis:
1133 2014 1168 2037 v,
1187 2001 1404 2038 Admiranda

76 2062 162 2100 Ant.
181 2061 274 2098 Rom.
290 2070 315 2097 t.
336 2060 399 2098 66.
413 2063 473 2110 67.
491 2060 553 2107 (al.
576 2063 637 2098 80.
659 2062 720 2109 81)
740 2073 835 2097 nunc
856 2059 893 2097 in
911 2059 1041 2098 Museo
1071 2059 1164 2097 illud
1183 2058 1402 2110 Capitolino

72 2111 254 2160 servatur:
282 2134 324 2156 v.
345 2119 407 2157 To.
433 2119 504 2162 IV,
531 2130 558 2157 t.
589 2119 710 2165 XXV,
738 2119 801 2156 ubi
821 2133 841 2155 a
862 2118 1044 2171 Fogginio
1062 2133 1095 2157 v.
1115 2132 1148 2156 c.
1181 2118 1400 2165 illustratur3

72 2180 166 2219 olim
177 2180 274 2218 idem
286 2178 523 2216 illustraverat
539 2179 699 2228 Grsnerus
709 2181 810 2229 nqster
827 2180 859 2215 C
861 2191 1010 2217 omment.
1032 2180 1104 2216 Soc.
1122 2179 1213 2215 Golt.
1229 2177 1292 2216 To.
1310 2180 1344 2216 I.
1359 2190 1401 2230 p.

78 2253 92 2278 1
102 2254 165 2292 5²·
199 2240 281 2278 Nec
295 2238 448 2275 multum
463 2237 605 2275 abludit
617 2237 784 2275 Marmor
797 2238 998 2281 Albanum,
1014 2251 1140 2289 parum
1153 2237 1301 2288 quidem
1315 2239 1402 2276 affa-

72 2299 138 2338 bre
151 2300 303 2343 faenum,
332 2298 528 2349 expressum
565 2298 604 2346 in
635 2299 810 2336 Winkelm.
829 2300 917 2349 Hzst.
953 2299 1101 2336 Arma'.
1124 2298 1264 2337 Vindob.
1288 2311 1329 2350 p.
1366 2315 1400 2343 ι.

73 2359 187 2413 Qod
203 2358 240 2396 in
253 2357 309 2395 his
320 2359 451 2408 placet,
465 2358 513 2395 est
525 2370 769 2396 commentum
786 2359 1013 2409 ingeniosum
1029 2359 1072 2395 ad
1090 2359 1262 2410 dogmata
1278 2361 1399 2410 philo-

71 2419 220 2471 sophica
236 2428 534 2468 attemperatum3
566 2430 650 2456 nam
669 2431 794 2455 manus
813 2417 962 2455 artificis
976 2428 1011 2454 et
1024 2417 1206 2468 judicium
1227 2418 1264 2454 in
1277 2419 1400 2470 dispo-

71 2478 201 2522 nendis
213 2478 338 2529 figuris
352 2490 478 2528 parum
491 2477 525 2514 se
544 2477 687 2528 probat.
727 2477 980 2516 Prometheum
995 2477 1032 2515 in
1047 2478 1200 2528 gemmis
1218 2477 1399 2529 sculptum

71 2537 195 2593 paffim
210 2537 347 2575 videas.
378 2537 582 2589 Componit
597 2537 828 2575 Prometheus
842 2537 1003 2576 membra
1020 2536 1170 2574 humaui
1183 2538 1346 2588 corporis
1360 2540 1400 2578 in

71 2611 213 2650 gemma
224 2612 281 2650 ap.
299 2596 498 2635 Winkelm.
519 2598 606 2648 Hss.
627 2600 710 2638 Arl.
721 2609 760 2649 p.
783 2612 845 2648 30.
877 2599 929 2636 ed.
962 2600 1084 2648 qusd.
1115 2609 1146 2635 et
1177 2598 1253 2635 hinc
1270 2606 1304 2635 in
1320 2600 1401 2637 aliis

70 2651 146 2695 kdd.
200 2658 253 2694 At
263 2656 410 2694 metitur
426 2669 555 2708 corpus
567 2657 764 2697 humanum
784 2658 821 2696 in
838 2657 1050 2697 Stoschiana
1068 2669 1211 2710 gemma
1236 2671 1270 2696 ν.
1290 2657 1398 2695 Win-

71 2716 182 2772 kelm,
202 2719 296 2767 Verjs.
312 2717 409 2769 Rom.
425 2717 470 2757 ‘T-
491 2718 550 2762 ΙΙ,
571 2727 610 2769 p.
634 2732 692 2770 ῃ,

1250 2829 1341 2869 VH.
1359 2845 1396 2881 p.
