1835 3396
383 187 475 249 ⁴176
627 187 1042 237 EXCURSUS
1078 189 1160 238 IN
1195 188 1434 239 CIRIN.

380 320 437 365 X,
459 321 522 369 36,
550 335 588 372 p.
605 323 692 372 890.
715 324 782 372 891
794 349 804 358 .
855 321 898 357 In
917 334 1027 358 numo
1043 320 1334 371 Cydoniatarum
1351 330 1387 359 et
1404 321 1442 358 in
1458 322 1570 360 altero
1585 320 1699 361 Lace·

376 380 559 419 fiaemonio
577 394 655 419 eam
673 382 910 431 deprehendit
927 380 978 420 V.
998 382 1044 419 C.
1067 382 1276 419 Neumann.
1301 382 1418 420 Num.
1437 381 1533 421 ined.
1550 395 1586 432 p.
1607 394 1698 434 240.

378 438 527 477 Faflurn
542 450 661 478 autem
680 440 748 476 hoc
773 450 808 477 et
826 440 927 482 alias,
955 449 995 477 ut
1014 441 1125 478 modo
1156 440 1306 478 deorum
1335 441 1482 478 nomina
1510 442 1697 480 transirent

375 498 425 534 ad
443 499 586 542 beroeis,
613 498 782 549 inprimis
803 498 953 535 deorum
972 497 1129 535 liberos:
1159 498 1210 535 ita
1231 499 1400 536 Aristaeus
1419 501 1495 537 Ζεὺς
1512 510 1547 536 et
1567 502 1698 539 Ἀπόλ-

377 566 440 595 λων
456 559 593 608 Ἀγςεὺς
609 569 645 596 et
665 562 787 603 Νόμιος
805 572 862 608 ap.
884 557 1027 595 Pindar.
1050 557 1156 606 Pyth.
1176 557 1253 602 IX,
1276 559 1432 608 110sq.‚
1458 572 1565 609 quem
1587 559 1698 610 respi-

376 617 430 653 cit
451 617 567 656 Diod.
585 617 660 662 IV,
677 621 717 655 81
740 634 750 662 ;
780 617 889 654 modo
908 617 1056 654 heroum
1081 617 1229 653 nomina
1257 617 1499 666 adjicerentur
1526 617 1620 656 diis:
1648 619 1697 655 fic

380 674 681 728 PythaeusApollo
692 690 712 712 a
729 675 875 725 Pythaeo
886 675 961 712 filio
980 675 1074 725 apud
1091 674 1384 714 Hermionenses.
1404 676 1553 716 Pausan.
1567 677 1620 721 II,
1631 691 1650 726 3
1659 692 1695 729 ς.

376 735 540 774 Laudari
577 736 653 773 vidi
688 736 927 784 Did‘tynnam‚
966 744 1146 784 tamquam
1174 735 1326 771 Catonis
1357 735 1510 786 alicujus
1536 750 1696 775 carmen.

380 797 453 833 Sed
467 810 509 833 ea
520 798 642 834 Diana
661 796 745 838 fuit,
776 795 915 832 Valerii
936 795 1089 832 Catonis
1116 794 1244 832 amica.
1283 810 1318 831 v.
1356 797 1504 833 Sueton.
1525 797 1698 835 Gramm-

380 856 458 901 XI,
486 856 548 894 ubi
567 857 699 894 Cinnae
718 856 861 893 versus:
891 856 1024 893 Saecula
1037 865 1233 904 permaneat
1260 858 1357 906 nostri
1388 857 1510 894 Diana
1544 857 1696 897 Catonis.

378 918 561 954 Caeterum
579 917 726 961 Carme,
755 916 852 953 bello
867 926 971 966 capta
987 926 1022 953 et
1045 916 1153 965 longe
1180 917 1314 958 ενεξὶει,
1344 926 1384 953 ut
1414 929 1458 952 ex
1489 930 1524 954 v.
1546 929 1619 965 290
1637 916 1695 952 in-

377 977 569 1028 telligitur,
598 977 635 1014 in
661 977 741 1015 Nifi
758 976 967 1028 potestatem
987 986 1131 1015 venerat
1144 987 1179 1014 et
1196 975 1242 1014 ab
1262 976 1330 1015 hoc
1351 977 1482 1028 Scyllae
1513 976 1598 1015 filiae
1625 989 1693 1014 nun

377 1038 451 1076 trix
467 1039 552 1076 data
566 1038 696 1078 fuerat.
