1835 3396
592 267 699 314 IN
769 267 1106 320 CIRIN.
1416 292 1476 340 93

163 394 449 455 probarunt;
501 395 593 452 sed,
621 411 679 442 an
704 395 807 443 haec
833 398 912 444 illa
936 397 1038 455 suit,
1076 400 1246 462 quibus
1271 402 1478 466 poeticae

164 474 334 521 laureae
359 474 499 522 decus
524 477 676 538 parari
702 477 853 539 poffit,
887 479 1149 528 admodum
1172 482 1357 533 dubito,

163 578 167 580 *
230 557 444 604 Omnino
469 559 535 603 ab
577 560 757 605 inventi
799 560 1039 616 felicitate,
1076 578 1186 625 quae
1211 576 1368 613 tamen
1407 585 1478 614 res

161 656 256 687 una
269 642 486 688 omnium
507 644 715 690 maxime
729 644 888 706 po'e'tae
902 660 1081 692 nornen
1101 660 1145 693 et
1161 647 1350 695 laudem
1365 666 1483 696 con-

162 724 298 781 tinet,
332 725 555 770 carminis
581 726 718 789 hujus
743 727 840 772 laus
868 744 1040 790 magna
1065 728 1145 774 vix
1169 730 1269 792 peti
1299 733 1476 793 potest:

158 807 232 853 uti
250 823 336 853 nec
356 809 572 855 tractatio
592 822 691 856 arte
708 811 863 872 aliqua
886 810 1138 874 insigniore
1161 813 1206 858 se
1228 830 1477 861 commen-

157 890 258 948 dat,
300 891 386 937 nifi
421 892 466 939 in
491 893 608 939 locis
635 892 947 956 fingularibus
972 893 1118 957 iisque
1144 894 1237 942 fere
1259 897 1316 942 ad
1340 913 1477 943 com-

159 990 358 1020 munem
385 974 636 1037 poetarum
661 976 825 1022 orbem
850 975 1195 1038 spectantibus:
1238 978 1478 1041 cujusmo-

157 1056 209 1102 di
234 1057 296 1103 est
322 1059 518 1105 nutricis
545 1076 685 1122 opera
724 1061 772 1106 in
796 1060 993 1124 virginis
1030 1061 1193 1107 dolore
1216 1062 1476 1121 allevand-o,

157 1141 330 1203 puellae
367 1142 551 1190 miserae
592 1143 795 1206 querelae
830 1157 876 1191 et
900 1144 961 1191 fic
987 1145 1093 1190 alia.
1169 1145 1344 1192 Contra
1369 1147 1477 1194 sunt

157 1225 248 1271 alia
271 1225 459 1288 poetica
476 1227 739 1272 narratione
756 1227 835 1272 vix
852 1227 1312 1289 comprehendenda,
1331 1229 1476 1275 adeo-

155 1324 248 1372 que
285 1326 311 1354 a
349 1308 489 1372 poeta
512 1309 831 1371 relinquenda,
866 1309 975 1371 quia
999 1309 1056 1355 ad
1080 1309 1343 1370 pedestrem
1369 1328 1475 1358 ora-

158 1391 339 1438 tionem
364 1392 588 1455 proniora
613 1405 770 1439 erant:
817 1405 867 1439 ut
889 1392 1020 1438 locus
1042 1392 1100 1438 de
1123 1393 1310 1439 diverfis
1336 1395 1475 1457 super

155 1476 316 1537 Scylla
350 1477 654 1538 opinionibus
686 1495 730 1523 v.
778 1478 835 1538 63
855 1477 1121 1546 *sqq—90,
1176 1477 1292 1524 alius
1337 1478 1473 1541 super

155 1559 330 1606 fabulae
353 1559 402 1606 in
437 1559 710 1605 Britomarti
733 1558 955 1604 varietate
972 1573 1061 1620 303
1091 1559 1188 1621 sqq.
1261 1559 1386 1609 Haec
1425 1572 1474 1608 et

154 1641 324 1687 fimilia
360 1656 472 1688 cum
507 1641 701 1687 trac‘tata
740 1637 965 1685 nitescere
1012 1653 1261 1702 nequeant,
1317 1641 1470 1690 bonus

154 1723 295 1788 poe'ta
333 1739 428 1770 non
464 1722 600 1769 facile
636 1722 854 1785 attinget.
948 1721 1060 1768 Alia
1095 1721 1154 1767 ad
1181 1722 1469 1772 rhetoricam

153 1812 361 1863 δεινότητα
384 1807 570 1870 egregie
588 1807 950 1854 accommodata
972 1805 1092 1863 sunt,
1125 1819 1176 1852 ut
1197 1807 1245 1853 in
1269 1809 1468 1869 querelis

153 1889 359 1952 puellae:
411 1900 473 1944 et,
509 1889 542 1935 fi
584 1890 699 1953 quid
724 1891 803 1945 est,
837 1906 931 1953 quo
955 1890 1177 1946 adducar,
1211 1902 1264 1937 ut
1300 1890 1469 1939 Maro-

154 1972 282 2019 niani
324 1971 501 2034 ingenii
525 1972 672 2020 fetum
698 1973 784 2019 effe
823 1973 949 2019 hunc
988 1985 1169 2035 putem,
1205 1972 1330 2021 hunc
1353 1992 1468 2038 pro-

152 2054 340 2117 piorem
362 2053 422 2100 ad
446 2055 675 2117 tragicam
712 2056 1059 2102 vehementiam
1095 2068 1140 2102 et
1178 2056 1466 2108 rhetoricam

153 2136 550 2183 declamationem
566 2137 788 2185 affecfmrn
808 2139 895 2186 effe
918 2138 1091 2195 dicam,
1125 2156 1268 2202 quem
1287 2142 1331 2188 in
1360 2144 1467 2191 Vir-

152 2219 273 2282 gilio
292 2237 367 2266 me
387 2222 755 2288 agnoscerejam
779 2224 892 2271 alibi
916 2226 1178 2271 accuratius
1203 2228 1394 2289 exposui
1422 2234 1460 2278 ἦ

152 2305 356 2351 Accedit
391 2307 611 2354 orationis
647 2310 852 2372 poe'ticae
885 2310 1096 2366 faculam,
1129 2326 1237 2372 quae
1280 2311 1328 2358 in
1372 2313 1462 2361 hoc

151 2388 294 2450 poeta
319 2388 410 2435 fuit
435 2390 641 2438 summa:
678 2410 786 2455 quae
831 2411 883 2440 ea
914 2394 1012 2456 ipsa
1046 2395 1198 2441 caussa
1234 2395 1335 2450 fuit,
1371 2413 1462 2458 qua

150 2469 344 2518 adducti
363 2471 451 2518 viri
476 2473 603 2520 docffi
629 2487 798 2522 caetera
813 2478 954 2524 etiam
973 2477 1133 2524 omnia
1150 2478 1196 2523 in
1214 2493 1268 2523 eo
1286 2479 1462 2525 carmi-

1398 2576 1456 2606 ne

207 2710 230 2731 ²*
262 2705 351 2746 Vid.
383 2708 493 2747 Tom.
523 2709 561 2746 11
592 2709 752 2762 Disquis.
778 2712 812 2756 1,
833 2725 869 2764 p.
889 2725 1001 2751 xxxv.
1029 2722 1065 2751 et
1095 2715 1182 2752 AEn.
1206 2713 1312 2764 Xpr.
1325 2726 1360 2764 p.
1384 2722 1453 2766 3ῖὲ

153 2771 349 2813 Tom.111.
