1835 3396
148 342 1315 442 *PROOEMIUM

367 503 516 564 IN
643 501 1161 567 COPAM.

102 703 425 798 StJPERmRA
460 751 670 798 carmina
707 766 765 796 ex
806 749 1062 797 Heinfiana
1104 760 1151 796 et
1187 747 1423 795 Burman-

100 836 240 881 niana
260 834 527 880 recenfione
549 833 873 896 repetivimus.
943 832 1018 878 Ex
1041 830 1225 878 caeteris
1256 829 1420 892 Virgi-

100 919 167 965 lio
189 934 437 982 perperam
457 918 601 981 vulgo
624 916 812 964 tributis
837 916 1143 971 carminibus,
1166 929 1274 976 quae
1300 911 1420 957 Bur-

99 1016 301 1048 mannus
322 1000 562 1047 Secundus
588 999 942 1062 inAnthologia
968 998 1136 1044 Latina
1159 995 1416 1058 imperite-

95 1099 205 1130 rum
242 1082 518 1128 excudenda
544 1083 723 1128 curavit
749 1094 795 1128 et
821 1081 984 1128 multis
1016 1077 1293 1126 eruditionis
1332 1092 1417 1122 co-

91 1164 187 1228 piis
206 1163 575 1221 illustravit,duo
599 1165 751 1211 adhuc
776 1162 1056 1227 subjungere
1077 1162 1249 1223 placet,
1261 1159 1414 1220 Copam

93 1259 141 1294 et
168 1247 422 1294 Morelum:
456 1263 660 1310 quorum
685 1247 776 1293 hoc
808 1245 993 1309 prorsus
1028 1244 1088 1290 ab
1121 1260 1176 1290 eo
1212 1254 1413 1305 praeter-

94 1331 302 1389 miffum‚
340 1332 459 1379 illud
484 1329 884 1394 interpretationis
920 1329 1075 1376 adhuc
1112 1328 1216 1374 luce
1253 1325 1411 1386 aliqua

89 1431 230 1480 egere
265 1414 417 1462 visum
455 1415 534 1471 est,
568 1415 769 1478 dignum
795 1425 933 1470 certe,
970 1411 1098 1475 quod
1122 1411 1199 1457 hic
1226 1420 1410 1472 repete-

90 1512 233 1556 retur,
259 1515 373 1546 cum
397 1514 455 1545 ex
480 1497 828 1562 elegantissimis
853 1497 1104 1560 poematiis
1126 1496 1197 1544 fit.

157 1581 211 1627 In
236 1599 360 1629 anum
389 1583 602 1644 propalam
641 1580 872 1643 scriptum
915 1579 1002 1626 effe
1038 1593 1227 1624 carmen
1261 1575 1407 1638 vulgo

86 1666 235 1714 aiunt.
306 1668 379 1714 lta
402 1683 513 1713 vero
535 1667 689 1712 omnis
715 1664 812 1729 ejus
837 1665 1036 1712 suavitas
1060 1665 1240 1711 sublata
1273 1677 1317 1712 et
1342 1664 1404 1712 ad

86 1759 247 1794 'veram
269 1748 707 1810 interpretationem
730 1749 804 1794 via
824 1747 1053 1811 praeclusa
1076 1748 1224 1795 videri
1243 1748 1401 1796 debet.

82 1834 244 1882 Immo
268 1850 378 1881 vero
400 1836 602 1880 invitatio
625 1834 689 1880 est
707 1835 765 1880 ad
787 1836 1119 1895 compotatimem
1136 1844 1178 1879 et
1200 1834 1405 1880 hilariter

82 1919 326 1982 extjgendum
349 1919 458 1965 diem
482 1921 526 1964 in
547 1919 723 1965 taberna
747 1920 1022 1980 cauponarscz;
1057 1916 1190 1980 cujus
1212 1916 1400 1980 generis

83 1998 213 2047 fuere
246 2000 365 2046 olim
403 1999 579 2062 plures,
612 2012 666 2046 ut
689 2000 834 2046 etiam
859 2015 983 2046 nunc
1007 1998 1130 2056 sunt,
1165 2012 1295 2045 extra
1318 2015 1400 2045 ur·-

81 2083 209 2140 bem,
254 2083 314 2130 ad
355 2082 573 2129 Tiberim
614 2095 660 2130 et
702 2083 760 2129 ad
803 2085 934 2130 littus
977 2085 1135 2130 maris.
1204 2085 1284 2132 Ad
1320 2100 1397 2131 eas

79 2164 293 2211 tabernas
317 2180 411 2211 non
447 2165 592 2211 modo
615 2164 800 2211 sordida
824 2178 869 2212 et
892 2166 1079 2212 nautica
1113 2168 1249 2230 plebs
1277 2183 1396 2215 con-

79 2247 280 2294 fluebat:
318 2263 482 2294 verum
506 2259 635 2293 erant
659 2247 803 2293 etiam
826 2247 947 2304 aliae,
971 2264 1084 2310 quas
1107 2248 1325 2296 lautiores
1348 2262 1394 2296 et

75 2329 384 2393 elegantiores
408 2331 624 2380 homines
648 2332 846 2379 adirent.

141 2412 285 2477 Qod
313 2412 425 2475 Copa
447 2428 637 2458 carmen
669 2412 950 2476 inscriptum
988 2414 1066 2470 est,
1096 2414 1145 2461 id
1176 2432 1202 2461 a
1234 2417 1392 2478 prima

75 2494 173 2558 eJ'us
209 2510 325 2541 voce
358 2494 511 2541 fiuxit.
597 2494 722 2556 (Σῆρα,
761 2508 911 2558 campa,
953 2508 1075 2558 capa,
1112 2497 1286 2544 mulier
1325 2499 1391 2544 est

70 2579 318 2643 cauponia,
343 2591 395 2626 ut
419 2579 607 2642 copiose
625 2581 836 2644 Scaliger
858 2581 1038 2628 docuit.
1108 2582 1210 2628 Nec
1230 2595 1391 2629 tamen

72 2665 120 2712 h.
148 2666 179 2712 1-.
208 2679 327 2719 eam,
351 2679 459 2726 quae
483 2680 749 2725 cauponam
774 2664 872 2728 ipsa
889 2680 1088 2724 exercet?
1123 2667 1390 2730 intelligere

69 2747 246 2793 neceffe
287 2748 367 2804 est,
409 2747 486 2794 sed
530 2747 814 2810 simpliciter
863 2751 1132 2808 mulierem,
1177 2768 1288 2814 quae
1339 2752 1388 2796 in

68 2845 282 2892 caupona
307 2831 378 2876 vel
410 2831 601 2878 taberna
624 2844 774 2880 artem
807 2847 1010 2881 exercet.
1080 2835 1165 2882 Est
1189 2836 1318 2881 enim
1336 2834 1384 2880 h.

65 2913 99 2959 1.
137 2912 430 2969 crotalistria,
460 2914 508 2960 h.
535 2930 558 2960 e
592 2914 801 2963 saltatrix
821 2932 932 2964 cum
953 2917 1160 2974 crotalis,
1191 2934 1215 2963 e
1233 2911 1387 2981 ‘gente

130 2992 255 3040 VoL.
294 2992 378 3042 lV.
715 3013 744 3043 ο
1131 3001 1385 3062 Syrorum3
