1835 3396
384 270 448 320 94
759 252 1329 302 PROOEMIUM

383 402 443 434 ne
485 387 843 451 pronuntiarent
887 386 976 432 effe
1012 386 1214 433 summa.
1287 385 1448 433 Poetae
1486 387 1701 435 Maronis

382 471 635 535 ingenium
677 468 930 534 agnoscere
975 470 1097 516 mihi
1129 469 1295 516 videor
1334 469 1479 518 etiam
1514 470 1561 516 in
1595 473 1703 528 hoc,

382 555 526 617 quod,
561 569 673 600 cum
693 563 1028 615 argumentum
1053 552 1145 599 hoc
1179 553 1237 598 ab
1273 552 1376 599 aliis
1404 551 1558 615 po'e'tis
1592 553 1702 599 effet

381 636 736 698 pertracstatum‚
771 636 943 681 reiistis
968 635 1047 681 ille
1072 636 1147 691 iis,
1180 652 1288 699 quae
1327 637 1388 682 ab
1429 635 1536 682 aliis
1574 652 1703 699 prae-

382 731 518 781 repta
542 732 686 777 erant,
721 721 966 783 ingenium
991 719 1224 783 applicuit
1247 719 1555 775 ornandisiis,
1589 735 1701 784 quae

381 803 441 848 ab
464 802 567 850 aliis
591 803 805 849 nondum
831 802 973 848 effent
996 813 1242 864 occupata.
1313 801 1386 847 Ita
1410 801 1530 849 forte
1553 817 1702 849 excu-

381 886 467 933 sari
490 889 659 950 potest,
693 886 821 949 quod
858 886 939 933 ilie
962 887 1027 943 id,
1060 885 1187 949 quod
1213 885 1456 933 summum
1488 888 1554 934 rei
1593 901 1701 932 mo-

380 980 617 1024 mentum,
644 967 741 1030 ipsa
763 970 890 1026 ἀκμὴ,
925 980 1036 1025 erat,
1071 967 1376 1015 reseeiionem
1401 985 1572 1029 comae,
1595 987 1703 1018 ver-

381 1050 446 1095 bo
488 1050 724 1113 exposuit,
794 1061 840 1095 et
896 1067 1005 1096 vero
1063 1067 1121 1096 ne
1188 1050 1332 1097 verbo
1376 1053 1572 1114 quidem
1625 1066 1700 1100 at-

381 1132 494 1196 tigit
560 1149 627 1189 ea,
681 1149 787 1195 quae
841 1132 1081 1179 rese6tam.
1145 1132 1248 1180 Nifi
1304 1151 1495 1182 comam
1540 1136 1699 1184 subse-

380 1229 528 1280 quuta
571 1216 693 1274 sunt,
763 1218 914 1263 donee
979 1217 1319 1264 abstraheretur
1368 1219 1522 1281 Scylla
1589 1222 1698 1269 navi

379 1301 584 1364 alligata.
655 1299 982 1363 Expesstabam
1006 1301 1052 1346 in
1078 1301 1239 1364 primo
1265 1302 1446 1349 Minois
1469 1304 1698 1367 conspec-

377 1395 446 1439 tu,
481 1384 529 1429 in
564 1383 783 1445 paetione
819 1399 932 1430 cum
958 1399 1013 1430 eo
1035 1383 1297 1443 sancienda,
1332 1386 1379 1432 in
1416 1404 1556 1434 coma
1592 1387 1696 1435 Nifi

379 1465 645 1523 resecanda,
680 1466 919 1524 tradenda,
953 1480 1000 1513 et
1023 1468 1115 1515 fide
1135 1468 1317 1516 Minois
1346 1486 1403 1516 ex
1423 1471 1698 1518 conditione

376 1546 605 1608 pastionis
620 1549 865 1611 exigenda,
899 1549 1092 1613 poetam
1111 1551 1355 1612 disertum,
1390 1552 1634 1615 copiosum
1649 1567 1696 1603 et

376 1640 612 1674 ornatum.
658 1630 748 1677 Vix
774 1631 918 1678 verbo
943 1634 1226 1680 memoravit
1251 1634 1355 1681 haec
1379 1637 1558 1685 omnia.
1610 1638 1696 1685 Vi-

321 1768 325 1771 „
378 1711 446 1758 tio
461 1712 550 1758 hoe
573 1710 910 1769 faetumdiceffl
935 1714 1216 1779 nifijudicio
1234 1717 1306 1763 illi
1325 1717 1553 1768 subtiliori
1575 1723 1695 1772 illud

375 1794 609 1843 tribueris.
680 1797 962 1846 Levioribus
976 1801 1198 1864 equidem
1216 1806 1506 1866 argumentis
1524 1823 1696 1855 accen„

379 1879 488 1927 sebo
510 1897 652 1927 omne
676 1882 811 1939 illud,
845 1885 974 1947 quod
1014 1902 1040 1931 a
1070 1887 1283 1948 repetitis
1319 1899 1389 1935 tot
1420 1890 1694 1954 Virgilianis

380 1962 587 2009 versibus
631 1963 839 2022 ducitur,
888 1965 982 2013 five
1024 1979 1077 2014 ut
1132 1968 1243 2016 hinc
1292 1972 1489 2036 colligas
1535 1974 1693 2037 ipsum

379 2042 634 2092 Maronem
690 2046 783 2094 five
833 2059 886 2095 ut
933 2049 1083 2096 alium
1127 2052 1371 2099 auetorem.
1425 2054 1557 2101 fuiffe
1601 2056 1693 2103 sta-

378 2138 498 2177 tuas,
593 2129 685 2175 Vix
741 2130 870 2177 enim
927 2133 1069 2179 firmo
1125 2134 1274 2182 fundo
1330 2137 1502 2184 nititur
1551 2155 1693 2203 argu-

379 2221 613 2267 mentum,
665 2228 760 2274 quo
808 2213 1018 2276 Scaliger
1062 2215 1166 2262 usus
1206 2218 1284 2274 est,
1333 2235 1445 2266 cum
1482 2220 1689 2269 diceret:

378 2293 619 2339 auetorem
658 2294 880 2342 carminis
913 2309 963 2342 ut
998 2297 1084 2343 effe
1126 2300 1385 2362 Virgilium
1428 2302 1692 2361 credamUS,

379 2378 498 2423 hanc
560 2394 702 2424 unam
763 2379 998 2426 rationem
1054 2381 1256 2439 vincere,
1312 2384 1467 2431 versus
1522 2386 1690 2433 crebro

378 2460 457 2506 hic
508 2460 731 2522 repetitos
754 2462 794 2517 ἦ
854 2463 934 2525 qui
980 2464 1145 2526 pasiim
1196 2466 1245 2512 in
1297 2467 1499 2514 AEneide
1548 2480 1595 2516 et
1638 2469 1696 2517 ins

377 2544 628 2608 Georgicis
681 2555 821 2608 atque
876 2547 926 2594 in
974 2547 1210 2597 Bucolicis
1268 2550 1502 2615 leguntur.
1593 2553 1690 2599 At-

1603 2634 1686 2697 qui

428 2760 451 2782 ἔ
481 2761 661 2814 Apposuit
676 2775 734 2800 eos
751 2762 812 2814 J0.
834 2763 1023 2804 Schrader.
1041 2765 1296 2806 Emendation.
1314 2781 1350 2818 p.
1373 2781 1416 2817 33
1439 2767 1492 2818 sq.
