1835 3396
416 223 994 279 CATALECTA
1310 226 1398 285 7n

88 363 290 416 Flavum
306 376 456 426 prope
480 357 719 422 Thybrim
743 367 788 402 et
811 352 982 401 olentis
1007 351 1254 398 nauticum

154 458 363 504 Vocare:
399 454 481 500 ubi
505 450 716 515 adpulsae
740 460 858 496 rates

90 546 225 593 Stant
248 546 295 591 in
320 543 452 590 vadis
478 556 621 589 coeno
642 550 839 587 retentae
862 533 1068 592 sordido,

156 636 421 699 Macraque
444 635 669 683 ludlantes
693 648 829 694 aqua.

89 726 258 789 Neque
274 726 326 772 in
348 725 573 780 culinam,
608 735 653 769 et
677 722 816 768 unela
834 717 1129 782 compitalia,

160 814 412 878 Dapesque
435 814 576 860 duces
602 811 810 859 sordidas
829 829 839 856 :

91 905 283 970 Qibus
305 902 511 966 repletus
536 916 589 949 ut
613 900 816 948 salivofis
838 899 986 962 aquiS,

158 996 367 1044 Obesarn
390 994 450 1041 ad
471 1009 671 1040 uxorem
695 991 832 1048 redis,

1349 999 1415 1048 ΒΟ

93 1089 158 1136 Et
181 1087 427 1134 aestuantes
452 1085 590 1132 dodle
614 1084 753 1131 solvis
778 1083 1007 1146 pantices,

161 1178 231 1226 Os
255 1177 401 1242 usque
425 1176 595 1223 lambis
621 1175 773 1224 saviis·

100 1268 244 1315 Nunc
271 1265 405 1322 laede,
439 1281 565 1312 nunc
583 1265 761 1322 lacesse,
794 1264 827 1310 fi
859 1262 1121 1327 quidquam
1147 1258 1304 1306 vales!

163 1355 229 1403 Et
253 1371 427 1401 nomen
450 1353 668 1400 adscribo
693 1366 847 1400 tuum.

154 1558 215 1596 24.
244 1545 456 1598 Legendum
472 1559 554 1583 cum
574 1544 724 1583 Ouden-

100 1597 247 1649 dorpio‚
268 1599 472 1636 Burmanno
488 1611 631 1648 quoque
648 1597 723 1633 sua-

101 1650 224 1694 dente,
263 1650 414 1688 Fla-vum
438 1661 539 1700 prope
572 1660 604 1685 et
634 1649 726 1698 *Thy-

102 1701 188 1738 brim
207 1713 237 1739 te
253 1702 369 1739 olentes
387 1709 553 1739 nauticum
569 1716 692 1739 ‘vocare
703 1703 725 1737 ?

103 1764 143 1789 ut
160 1754 292 1791 olentes
303 1753 489 1790 nauticum
503 1753 543 1789 fit
558 1766 623 1803 pro
638 1765 727 1788 nau-

102 1804 163 1850 tis,
204 1818 292 1855 quos
326 1804 579 1855 impuriffimus
615 1805 728 1840 homo

101 1857 334 1907 praestolatur,
362 1856 423 1894 ubi
443 1855 662 1907 appulerint,
690 1865 729 1891 ut

104 1922 228 1945 eorum
258 1908 406 1946 libidini
440 1907 570 1944 serviat
606 1905 729 1957 (probe

102 1960 151 1997 est
182 1960 314 1998 vitium
340 1959 431 1998 edit.
484 1960 619 2010 Scalig.
660 1971 726 2010 pro

103 2017 241 2062 prope.)

161 2078 221 2115 ²7·
276 2062 482 2114 Exprobrat
523 2061 655 2099 famem
695 2072 731 2098 et

106 2117 310 2166 egestatem,
366 2128 435 2164 qua
478 2116 620 2152 coaetus
655 2114 733 2150 adit

107 2167 248 2210 culinas,
293 2167 329 2203 h.
363 2167 442 2203 loca
473 2164 511 2203 in
537 2163 732 2209 suburbiis,

110 2219 150 2256 in
184 2219 314 2269 quibus
350 2217 499 2268 inopum
532 2216 656 2254 funera
698 2229 733 2255 et

109 2272 224 2320 epulae
264 2269 431 2306 funebres
484 2269 732 2307 habebantur:

110 2334 187 2360 tum
205 2326 359 2371 compita,
379 2321 416 2358 in
431 2321 560 2372 quibus
583 2320 735 2360 Laribus

113 2373 382 2424 Compitalibus
410 2384 444 2409 et
479 2372 624 2422 quidem
656 2372 734 2424 ipso

112 2426 378 2475 Compitalium
420 2424 481 2460 die
525 2425 656 2461 neceffe
689 2426 736 2461 est

113 2477 248 2528 apponi
296 2475 418 2513 solitas
459 2475 561 2512 fuisse
601 2477 738 2525 epulas,

114 2542 201 2579 quas
220 2540 389 2580 pauperes
421 2540 504 2564 mox
525 2526 661 2564 auferre
682 2527 738 2564 so-

114 2581 248 2618 lebant.
321 2579 414 2616 Rem
467 2590 586 2616 tamen
622 2580 738 2616 aliun-

116 2633 161 2668 de
189 2632 403 2669 declaratam
443 2632 604 2668 nondum
648 2631 737 2668 vidi.

118 2681 265 2721 Fadium
322 2681 445 2733 itaque
489 2683 586 2720 idem
639 2683 737 2732 quod

118 2733 157 2771 in
186 2748 288 2772 coena
310 2733 478 2772 Hecates.
534 2748 567 2771 v.
589 2740 647 2773 28.
679 2736 739 2771 du-

791 1562 839 1583 ces
872 1545 961 1582 bene
993 1543 1096 1582 dedit
1129 1542 1324 1579 Burmann.
1350 1549 1418 1589 pro

793 1600 894 1636 ducis.

848 1662 908 1700 29·
950 1647 1140 1696 Sali-vfficm
1170 1644 1333 1695 Scaliger
1369 1641 1421 1679 ait

794 1701 860 1738 esse
895 1700 1070 1752 quicquid
1103 1699 1242 1750 gustum
1279 1694 1418 1733 reficit:

796 1753 924 1795 Ηεξὶε,
950 1753 1011 1789 sed
1027 1750 1118 1802 quid
1135 1763 1242 1800 porro
1251 1747 1420 1797 salivati>-

795 1812 888 1856 aquis
906 1804 1085 1841 facimus?
1139 1801 1219 1838 Nifi
1234 1808 1422 1850 corrupte-

796 1857 829 1892 la
864 1857 902 1893 in
933 1861 1026 1907 aquis
1051 1856 1150 1897 latet,
1180 1863 1219 1890 ut
1237 1852 1352 1889 forte:
1384 1859 1422 1887 ut

781 1908 942 1958 fizlivosts
967 1913 1073 1956 apris,
1102 1905 1246 1943 salivam
1272 1915 1421 1939 moven-

796 1961 908 2005 tibus,
939 1960 1109 2008 scriptum
1144 1957 1280 1994 fuerit:
1325 1954 1422 1991 acci·

772 2011 860 2062 'pio
890 2013 935 2049 de
972 2010 1044 2061 ipsa
1074 2008 1197 2046 saliva.
1254 2007 1424 2058 Repletus

799 2064 844 2100 iis
860 2063 972 2114 epulis
992 2073 1029 2099 ut
1056 2060 1256 2111 (quomodo
1272 2060 1299 2105 l)
1332 2057 1427 2095 redis

801 2115 913 2152 saliva
947 2115 1145 2151 etiamnum
1179 2124 1223 2149 ex
1258 2109 1425 2148 recorda-

799 2167 898 2204 tione
917 2165 1099 2203 affluentel

856 2232 916 2267 31.
951 2225 1099 2267 pantices
1128 2216 1174 2252 de
1201 2215 1302 2253 fartis
1329 2212 1427 2252 acci-

803 2271 908 2323 piunt
927 2268 1086 2320 Scaliger
1104 2278 1139 2305 et
1157 2268 1242 2306 hinc
1262 2267 1339 2312 alii3
1359 2278 1425 2302 nec

808 2323 913 2365 male,
942 2334 1024 2358 cum
1049 2323 1225 2370 ‹estuantes
1246 2320 1429 2371 appellen·

805 2386 886 2412 tur:
966 2383 1003 2409 ut
1050 2371 1242 2409 farcimina
1280 2371 1430 2408 distenta

806 2425 923 2476 rumpi
996 2425 1198 2462 videantur.
1285 2423 1430 2472 Proprie

808 2479 968 2528 pantices
996 2476 1075 2513 sunt
1094 2476 1273 2519 intestina,
1301 2474 1435 2524 quibus

808 2530 852 2566 ad
871 2529 991 2567 edulia
1012 2528 1101 2565 farta
1121 2528 1173 2564 uti
1192 2529 1316 2564 solent.

862 2596 922 2629 32.
952 2580 1163 2630 Legendum
1191 2579 1287 2616 baud
1306 2577 1434 2619 dubie,

806 2646 889 2670 cum
908 2633 1110 2669 Burmanno
1131 2631 1322 2668 secundum
1342 2629 1433 2664 Col-

806 2685 904 2721 vium
923 2686 967 2722 ad
990 2684 1137 2732 Apulei.
1156 2683 1297 2735 Olassqnc
1317 2681 1434 2717 ltmesss'c

793 2739 947 2785 suaviis,
975 2735 1010 2773 h.
1030 2734 1148 2772 labiis.

1367 2783 1433 2819 Pro

1276 2797 1331 2835 33-
