1835 3396
344 211 543 261 CAELO
579 208 1102 258 EXPRESSORUM.
1302 228 1324 259 2
1334 228 1355 276 ς
1362 229 1390 276 3

133 341 207 382 XI.
233 355 270 393 p.
298 345 387 394 605.
413 343 465 379 ad
473 346 626 392 frontem
654 339 736 377 libri
759 339 845 376 XII
868 341 961 378 AEn.
990 341 1133 392 Spee'tat
1150 342 1393 393 anaglyphum

82 402 130 438 ad
157 400 294 439 sacrum
326 401 425 451 quod
459 402 499 440 fit
535 400 575 438 in
612 400 748 437 foedere
790 399 983 438 sanciendo
1017 401 1110 438 inter
1147 399 1320 440 Latinum
1356 414 1393 442 et

80 460 244 505 AEneam,
272 474 307 499 v.
346 463 416 512 169

291 538 476 576 Procedant
491 539 619 588 castris,
641 548 794 589 puraque
811 542 846 574 in
869 539 957 586 veste
970 540 1126 587 sacerdos

233 598 395 649 Saetigreri
402 601 608 648 fitumsuis,
627 601 846 648 intonsamque
862 597 1021 635 bidentem

236 658 381 700 Attulit,
399 659 611 708 admovitque
622 655 958 708 pecusflagt·antibus
974 661 1060 696 aris.

79 731 124 769 In
141 733 348 785 anaglypho
374 732 645 770 suovetaurilia
663 732 840 770 habentur
868 732 914 769 ab
941 731 1163 784 Imperatore
1179 737 1289 776 stante
1314 748 1397 776 ante

80 804 181 830 aram
198 803 234 830 et
249 792 464 830 libationem
483 791 522 829 in
536 792 656 843 ignem
670 791 846 836 faciente;
861 791 972 829 adstat
989 795 1152 833 camillus
1165 811 1248 834 cum
1259 812 1396 843 acerra,

79 861 117 890 et
134 865 229 903 pone
246 865 329 890 eum
348 851 512 897 tibicen3
541 850 791 889 accinentibus
822 850 1037 890 tibicinibus
1062 855 1136 892 duo
1153 857 1256 906 pueri
1280 858 1396 896 addu-

79 923 168 950 cunt
201 912 298 950 suem
330 921 366 949 et
396 911 562 954 arietem,
589 922 625 948 at
648 925 743 962 popa
769 920 926 949 taurum.
980 913 1183 965 Imperator
1214 917 1251 954 in
1278 918 1398 956 fronte

80 971 258 1010 exercitus
277 972 490 1010 constitutus
505 973 572 1008 effe
590 971 758 1015 videtur3
786 971 833 1008 est
848 981 966 1009 autem
990 973 1036 1019 is,
1063 989 1145 1013 nam
1165 976 1203 1014 in
1220 977 1299 1028 ipso
1318 993 1396 1018 mo-

82 1041 254 1069 numento
291 1031 403 1081 (quod
435 1030 694 1068 adumbratum
714 1030 760 1067 est
779 1042 824 1066 ex
854 1031 1072 1070 Admirandis
1101 1035 1174 1073 tab.
1210 1050 1269 1088 17.
1297 1048 1397 1076 extat

81 1101 201 1129 autem
235 1103 300 1144 nec
329 1089 448 1127 minus
476 1090 515 1127 in
544 1089 693 1127 Bellorii
721 1089 867 1140 Opere:
899 1091 1030 1129 Veteres
1059 1094 1164 1131 Arcus
1180 1095 1398 1147 Augzgsiorum

81 1156 183 1188 trium
213 1149 288 1200 plus
312 1149 516 1200 izfignitcm)
547 1148 654 1186 facile
691 1149 914 1200 agnoscitur,
944 1151 1136 1201 TrajauuS,
1153 1154 1318 1207 princeps
1333 1172 1397 1209 op-

80 1209 203 1246 timus.
259 1205 520 1256 Anaglyphurn
556 1206 686 1244 Romae
718 1208 756 1244 in
785 1221 870 1246 arcu
895 1209 1126 1248 Constantini
1156 1212 1214 1251 M.
1247 1216 1398 1263 vifitur;

82 1267 291 1304 transsatum
319 1266 364 1301 ad
383 1278 465 1301 eum
494 1266 696 1302 ornandum
712 1279 731 1302 e
756 1276 872 1304 vetere
900 1268 1053 1318 Trajani
1070 1283 1170 1317 arcu,
1196 1274 1336 1324 dejefflo
1361 1288 1399 1316 et

83 1326 221 1370 everso,
237 1334 277 1362 ut
296 1326 340 1360 ad
352 1323 550 1368 hominem,
569 1324 670 1372 cujus
688 1323 807 1362 audax
829 1335 865 1361 et
894 1325 1102 1376 improbum
1119 1330 1307 1381 ingenium
1323 1337 1397 1374 for.

84 1399 207 1426 tunam
243 1383 437 1435 propitiam
467 1383 610 1427 habuit,
658 1383 855 1433 posteritati
887 1387 1215 1428 commendandum
1247 1395 1398 1435 transfe-

84 1455 206 1483 rentur
221 1444 353 1482 decora
373 1441 547 1494 Principis
565 1442 695 1493 optimi
713 1452 748 1479 ct
767 1442 983 1485 saffliffimi„

135 1547 228 1585 XII.
283 1560 319 1597 p.
361 1559 450 1598 710.
513 1546 557 1583 ad
597 1547 734 1585 calcem
802 1547 869 1585 lib.
909 1547 1001 1587 XII.
1060 1560 1096 1588 et
1140 1554 1252 1592 totius
1294 1557 1399 1596 volu-

83 1608 215 1647 minis:
245 1607 364 1645 Roma
380 1608 518 1652 sedens,
545 1622 617 1659 quo
632 1609 735 1656 solet,
767 1609 908 1653 habitu,
937 1621 1058 1648 exerta
1085 1627 1240 1653 mamma
1257 1618 1399 1664 dextra,

83 1680 203 1708 tenens
217 1668 450 1720 parazonium
468 1681 504 1706 et
522 1670 671 1716 hastam,
699 1672 844 1708 thorace
863 1684 928 1722 pro
948 1671 1078 1711 throno
1096 1675 1266 1726 subjcfto.

1379 1728 1396 1735 .-

224 1752 278 1788 Sit
305 1751 459 1788 Romana
483 1761 597 1803 potens
612 1750 711 1789 Itala
730 1758 857 1789 <zu-'rime
880 1756 1058 1805 propago!
1097 1771 1132 1795 v-
1164 1761 1252 1811 827.

85 1830 145 1869 Est
159 1841 278 1869 autem
297 1830 550 1867 adumbratum
583 1830 723 1880 fignum
741 1843 784 1868 ex
813 1832 880 1867 Mu
896 1836 929 1869 ‘eo
954 1834 1203 1877 Pio-Clement-
1241 1841 1303 1880 To.
1338 1843 1364 1880 I
1362 1842 1398 1882 I,

83 1903 112 1930 t.
133 1905 191 1944 ις.
221 1892 285 1929 ubi
313 1891 362 1928 cf.
385 1889 594 1928 Viscontius
619 1890 674 1928 vir
689 1892 870 1941 eleganter
887 1893 1028 1932 doc'ius.
1084 1897 1260 1938 Occurrit
1278 1903 1398 1942 Roma

86 1950 194 1988 simili
212 1949 340 1988 habitu
371 1950 410 1987 in
429 1962 515 1987 arcu
535 1950 573 1986 T
576 1950 707 2001 rajani‚
734 1961 812 2004 tum
843 1950 880 1988 in
911 1954 1028 1992 numis
1052 1956 1227 2006 Neronis,
1255 1962 1400 2011 Galbae,

85 2009 309 2061 Vespasiani.

586 2098 629 2146 V
642 2115 671 2146 o
687 2113 733 2146 L.
801 2101 884 2147 JV.

139 2229 172 2268 Ι.
225 2230 272 2269 In
286 2235 405 2282 fronte
426 2247 466 2270 ιιι·
493 2232 587 2271 titulo
607 2232 795 2272 Voluminis.
850 2234 959 2275 Musa
988 2241 1140 2281 evellens
1165 2247 1303 2297 plumas
1335 2250 1401 2290 alis

89 2287 251 2334 Sirenis;
279 2289 475 2328 secundum
502 2293 707 2342 exemplum
735 2295 932 2346 anaglyphi
953 2300 1049 2349 apud
1084 2303 1275 2347 Wnckelm.
1305 2311 1403 2351 Mon.

87 2350 175 2386 ined.
203 2351 268 2398 46.
323 2350 491 2388 Sirenum
510 2361 692 2390 certamen
711 2366 792 2390 cum
811 2354 939 2401 Musis,
973 2370 1057 2398 nota
1073 2365 1119 2401 cst
1145 2366 1268 2406 fabula
1299 2371 1403 2410 Boeo-

89 2418 226 2453 torum,
252 2422 325 2460 quo
346 2410 450 2448 vieiae
468 2410 607 2449 Sirenes
624 2413 808 2463 deplumes
827 2429 846 2451 a
878 2418 993 2456 Musis
1024 2420 1126 2460 faelae
1155 2426 1250 2472 sunt,
1276 2434 1403 2481 pennis

88 2468 237 2506 evulfis:
270 2468 372 2507 Paus.
394 2469 469 2515 IX,
499 2483 560 2519 34.
616 2471 804 2509 Deleftum
826 2474 929 2524 hujus
947 2478 1077 2518 tabula>
1091 2483 1285 2526 fecitlusus
1301 2489 1403 2529 inoe-

90 2527 158 2565 nii.
214 2528 400 2578 Proposita
420 2529 497 2565 sunt
518 2530 555 2566 in
575 2530 642 2568 hoc
660 2533 845 2570 volumine
862 2538 1021 2575 carmina
1050 2542 1268 2585 deteriorum
1289 2525 1403 2600 pleia-

90 2600 161 2638 que
177 2592 367 2638 poetarum
387 2598 448 2625 aut
471 2590 618 2626 meliora
636 2591 680 2627 ab
699 2591 742 2628 iis
760 2593 975 2646 interpolata
994 2615 1004 2642 ς
1038 2600 1143 2639 Musa
1171 2606 1308 2654 itaoue,
1336 2611 1405 2650 hoc

91 2648 138 2684 est
157 2646 341 2697 ingenium
357 2661 481 2685 eorum
514 2650 715 2688 nutritione
735 2652 946 2699 formatum,
982 2659 1133 2699 severam
1162 2665 1197 2701 in
1233 2646 1294 2704 illa
1325 2684 1407 2708 car-

93 2707 191 2745 mina
209 2707 364 2744 criticen
384 2720 540 2752 exercet,
569 2710 784 2762 inttrpolata
803 2726 903 2752 notat
920 2731 960 2753 ac
982 2721 1112 2768 rejicit,
1147 2728 1302 2765 nominis
1325 2731 1407 2769 Vir-

91 2766 224 2819 giliani
241 2767 487 2806 auctoritatem
505 2770 577 2809 illis
596 2770 767 2815 dicretis,
795 2787 827 2810 ct
851 2781 1018 2825 χῆνας-’.ἠως
1064 2795 1109 2817 171-
1198 2789 1365 2829 (mmm,

1293 2869 1330 2886 ὛΤ

1297 2881 1341 2908 ΖΔ.
1370 2885 1407 2922 p·
