1835 3396
189 505 1289 592 PROOEMIUM

365 653 477 708 IN
554 652 1121 711 MoRETUM.

88 910 234 990 EST
269 944 360 992 hoe
395 963 452 994 ex
487 962 542 992 eo
576 945 847 993 carminum
880 961 1067 1008 genere,
1102 945 1235 1009 cujus
1268 945 1404 994 nobis

87 1041 184 1073 non
218 1025 337 1072 adeo
380 1027 532 1073 multa
569 1043 628 1074 ex
668 1026 949 1089 antiquitate
990 1027 1208 1090 exempla
1243 1027 1405 1077 relicta

86 1109 227 1158 sunt:
264 1120 549 1172 argumento
579 1108 760 1156 scilicet
795 1125 851 1155 ex
877 1108 972 1155 vita
992 1109 1181 1172 privata
1203 1122 1249 1156 et
1278 1110 1407 1160 tenui

85 1192 342 1240 hominum
376 1190 547 1237 humili
571 1190 678 1236 loco
702 1202 922 1237 natorum
946 1191 1113 1254 petito.
1188 1191 1327 1240 Licet
1355 1193 1405 1242 id

85 1273 146 1321 ad
164 1274 441 1320 bucolicum
458 1287 606 1335 genus
628 1271 800 1321 referre
819 1286 899 1320 aut
916 1290 1004 1336 pro
1024 1273 1198 1335 Idyllio
1220 1274 1412 1337 habere,

86 1355 477 1420 quandoquidem
504 1371 559 1401 eo
582 1355 779 1401 nomine
804 1373 950 1402 unum
976 1369 1022 1403 et
1056 1357 1254 1404 alterum
1279 1360 1406 1421 apud

86 1438 405 1485 Theocritum
429 1436 644 1485 habetur.
703 1436 901 1484 Faciunt
927 1438 1014 1484 viri
1036 1439 1161 1485 docti
1180 1440 1405 1492 carminis

86 1519 337 1577 summam,
361 1531 573 1576 moretum,
597 1521 645 1569 h.
671 1521 815 1567 edulii
839 1521 996 1568 rustici
1014 1538 1176 1585 genus,
1200 1540 1257 1570 ex
1276 1524 1404 1583 allio,

87 1604 214 1667 apio,
240 1616 359 1661 ruta,
398 1603 666 1660 coriandro,
702 1603 867 1660 bulbo,
907 1603 1078 1649 additis
1114 1605 1259 1662 caseo,
1301 1607 1406 1654 oleo

87 1701 136 1736 et
180 1703 330 1745 acetO,
376 1700 725 1751 comparatum,
772 1688 897 1750 quod
939 1687 1148 1734 Simulus
1191 1689 1402 1738 conficit.

87 1771 195 1821 Nec
223 1773 345 1819 male
368 1789 421 1819 ea
444 1787 531 1828 reS,
550 1772 769 1827 arbitror,
788 1769 950 1832 Idyllii
975 1769 1244 1834 hujusmodi
1262 1789 1408 1835 argu-

88 1869 309 1904 mentum
325 1856 606 1903 constituat:
631 1854 960 1918 repraesentata
978 1855 1125 1900 oculis
1144 1855 1408 1920 animisque

87 1938 322 2002 particula
337 1938 493 2001 aliqua
508 1940 622 1986 vitae
645 1939 852 1999 rusticae.
891 1937 997 1993 Sed,
1019 1948 1250 2000 quantum
1268 1938 1406 2000 equi-

88 2023 202 2069 dem
240 2022 466 2085 affequor,
507 2023 646 2068 latius
682 2033 816 2084 patet
855 2021 1013 2083 Idyllii
1049 2032 1403 2083 argumentum.

89 2104 387 2152 Describitur
417 2105 544 2152 enim
567 2106 764 2151 omnino
793 2107 938 2165 prima
971 2103 1057 2149 diei
1079 2115 1202 2165 pars,
1236 2115 1281 2150 et
1315 2121 1407 2166 quae

88 2189 269 2236 diluculo
291 2187 365 2234 vel
396 2204 514 2233 mane
545 2197 757 2249 geranlnr
788 2203 814 2231 a
850 2187 1010 2247 rustico,
1054 2198 1307 2248 antequam
1345 2185 1405 2232 ad

88 2286 208 2334 opus
242 2271 469 2317 rusticum
497 2270 740 2333 procedat.
813 2269 974 2331 Surgit
1010 2285 1148 2314 mane
1182 2269 1406 2326 Simulus,

87 2353 171 2417 qui
195 2353 484 2402 condutstum
507 2369 676 2416 agrum
700 2368 827 2398 arare
852 2351 1050 2406 videtur,
1073 2367 1183 2396 cum
1212 2351 1407 2412 Cybale,

89 2435 205 2483 Afra
225 2451 410 2499 genere,
426 2435 544 2482 forte
563 2434 797 2489 libertina,
823 2446 867 2479 et
887 2433 1046 2494 primo
1065 2433 1171 2479 loco
1187 2450 1238 2479 ea
1252 2449 1402 2496 parat,

89 2517 262 2582 quibus
283 2533 369 2579 per
390 2517 518 2562 diem
546 2517 678 2562 illum
706 2516 855 2561 vitam
879 2516 1060 2571 toleret,
1085 2516 1131 2562 h.
1159 2531 1198 2561 e.
1225 2518 1404 2564 famem

88 2599 291 2659 expleat.
365 2597 520 2660 Igitur
542 2612 712 2659 panem
739 2595 917 2658 coquit,
952 2596 1079 2658 quod
1116 2613 1141 2642 a
1166 2613 1210 2643 v.
1254 2612 1306 2658 17
1345 2597 1404 2646 ad

92 2693 150 2741 52
189 2679 421 2742 procedit,
467 2679 591 2734 inde,
637 2691 689 2724 ut
725 2677 910 2734 habeat,
952 2693 1047 2740 quo
1083 2695 1171 2740 pro
1207 2679 1404 2728 obsonIO

88 2769 264 2818 utatur,
306 2772 543 2814 moretum
567 2757 651 2805 fibi
690 2769 838 2821 parat,
884 2757 930 2804 h.
969 2758 1180 2805 edulium
1215 2760 1403 2811 acribus

1243 2839 1399 2892 herbis
