1835 3396
636 249 954 299 CIRIS‚
1362 262 1450 311 125

139 392 206 441 At
225 389 378 439 roseus
401 387 563 436 medio
587 385 801 449 fulgebat
819 380 997 430 vertice
1021 382 1195 429 crinise

141 481 287 546 Cujus
310 496 454 544 quam
472 479 648 526 servata
669 477 752 524 diu
776 486 942 521 natura
967 471 1136 529 fuisset,

138 572 265 620 Tam
275 569 784 636 patriam-incolumem
795 564 900 612 Nifi
914 578 1210 627 regnumque
1225 561 1382 608 futuru
1391 574 1455 614 m,

143 662 414 710 Concordes
445 661 595 708 stabili
624 660 873 706 firmarunt
897 655 1093 702 numine
1119 653 1296 704 Parcae.
1368 664 1420 695 12
1431 664 1451 710 5

139 751 273 814 Ergo
294 747 450 795 omnis
473 763 583 794 caro
607 744 837 792 residebat
861 758 973 789 cura
996 739 1172 804 capillo
1186 764 1200 795 3

139 840 298 886 Aurea
321 837 539 884 sollemni
562 844 780 882 comtum
801 847 990 894 quoque
1014 831 1160 878 fibula
1183 829 1278 876 ritu

139 925 401 989 Mopsopio
421 924 559 970 tereti
584 921 801 969 neeiebat
824 920 964 966 dente
978 917 1175 964 cicadae.

138 1016 245 1064 Nec.
260 1030 370 1061 vero
393 1013 497 1060 haec
528 1010 663 1056 vobis
688 1008 899 1056 custodia
923 1023 1043 1053 vana
1064 1006 1233 1064 fuiffet,

140 1104 247 1152 Nec
273 1102 447 1150 fuerat:
483 1099 569 1146 nifi
591 1098 760 1160 Scylla,
787 1111 911 1143 novo
933 1108 1166 1158 concepta
1183 1095 1352 1154 furore,
1371 1111 1387 1142 1
1398 1074 1462 1159 jo

139 1238 387 1280 cafizrt'esflorebat
401 1243 518 1278 tempore
533 1241 654 1275 utroque,
676 1231 728 1263 vel
743 1238 764 1263 t.
778 1233 864 1268 laevo,
885 1229 906 1261 l.
921 1236 1041 1272 tempora
1057 1232 1085 1260 in
1100 1231 1187 1263 ambo.
1238 1232 1271 1261 In
1284 1230 1375 1262 Bafil.
1395 1238 1463 1261 erat

139 1294 267 1330 tempore.
299 1291 349 1331 Jo.
363 1287 526 1319 Schrader.
546 1286 578 1315 C.
589 1299 612 1315 c.
632 1284 750 1325 replebat
765 1289 886 1324 tempora
901 1284 966 1312 late.
1011 1282 1124 1313 Nolim
1137 1294 1267 1324 operam
1283 1283 1416 1324 perdere
1430 1284 1463 1326 in

137 1339 356 1382 supposititiis.
399 1343 430 1371 A
445 1346 553 1370 vetere
579 1341 679 1379 poeta
695 1335 784 1366 fuisse
800 1341 932 1376 apparet
948 1342 1075 1365 tantum
1086 1335 1168 1366 haec:
1198 1336 1465 1377 Rdspmgsizm--deo-

141 1405 224 1424 rum.-
258 1394 340 1424 Nam
357 1395 442 1435 rqseus
463 1394 546 1423 medio
560 1393 593 1432 f.
687 1397 759 1421 122.
782 1390 820 1419 At
838 1387 916 1418 Ald.
935 1395 1034 1426 1534.
1081 1387 1209 1430 Vulgo:
1235 1389 1285 1419 Et.
1321 1389 1463 1429 fulgebat.

142 1443 283 1486 Scaliger
298 1454 336 1475 ex
347 1451 426 1475 vett.
445 1443 514 1474 edd.
550 1440 704 1482 ficrgebat3
738 1438 824 1480 quod
840 1445 871 1468 et
887 1437 945 1469 ms.
971 1437 1108 1470 Helmst.
1126 1437 1262 1469 habebat
1279 1449 1351 1469 cum
1369 1437 1466 1469 Bafii.

233 1504 305 1536 125.
327 1496 445 1527 Versus
458 1505 495 1525 ex
506 1492 574 1524 Ecl.
585 1494 640 1529 lV,
654 1500 708 1531 47.
722 1491 880 1533 firmarunt
892 1503 903 1521 .·
917 1489 1051 1520 debebat
1068 1489 1296 1532 effcfirmarant.
1392 1490 1467 1522 126.

142 1559 221 1578 caro.
268 1547 316 1578 Ita
333 1546 462 1578 Aldina.
509 1544 590 1575 Edd.
606 1550 685 1574 vett.
706 1552 779 1573 cum
800 1540 892 1571 Bafil.
914 1540 969 1571 ms.
996 1553 1068 1571 cano.
1164 1550 1236 1581 127.
1260 1549 1373 1572 comtum
1389 1553 1465 1582 quem

145 1598 270 1630 editum
286 1609 304 1629 a
319 1597 546 1634 Taubmanno,
569 1606 606 1626 ex
620 1594 696 1627 Ald.
716 1602 790 1625 tert.
807 1591 937 1633 (1534),
959 1599 994 1622 ut
1005 1592 1168 1623 Lo'e'3nsem
1178 1592 1355 1624 emendasse
1372 1594 1467 1624 video

145 1649 169 1682 l.
189 1649 382 1683 c.—-—-128.
408 1652 466 1680 ritu
485 1649 612 1690 Corscllae
628 1654 707 1678 vett.
725 1646 813 1683 edd„
834 1644 886 1675 vel
907 1645 1064 1685 Corpselae:
1097 1644 1180 1674 unde
1208 1645 1348 1686 Scaliger
1373 1646 1470 1677 resur=

143 1702 240 1745 gebat
259 1703 412 1744 Cecropiae‚
431 1712 505 1733 cum
530 1700 610 1732 olim
644 1700 772 1742 Cypstllae
797 1705 828 1728 et
853 1697 970 1727 ‘Tortilis
994 1702 1018 1725 et
1040 1702 1063 1726 t.
1081 1695 1186 1737 legere
1204 1695 1359 1727 voluiffet.
1407 1699 1469 1730 Sed

143 1754 352 1785 emendatum
372 1755 521 1795 Mopfhpio
534 1752 601 1794 jam
625 1749 846 1781 animadverto
875 1747 908 1778 in
936 1747 984 1778 ed.
1008 1746 1103 1782 Ald.;
1127 1754 1158 1777 et
1186 1746 1225 1779 fic
1254 1748 1400 1779 Parrhas.
1428 1750 1470 1780 ad

144 1804 314 1836 Claudian,
334 1805 375 1834 R.
395 1804 432 1836 P.
451 1814 482 1845 p.
505 1802 579 1834 2.b.
598 1801 705 1843 legere
720 1799 860 1842 jusserat.
906 1796 1041 1828 Felicius
1066 1804 1175 1827 tamen
1203 1797 1252 1827 his
1266 1799 1415 1829 omnibus
1430 1810 1469 1830 ex

144 1866 255 1890 vetere
270 1857 425 1900 scriptura
437 1867 547 1889 veram
562 1856 735 1887 leelionem
752 1852 863 1884 eruisse
876 1851 1013 1882 arbitror
1027 1851 1189 1881 Lo'ensem
1202 1851 1365 1893 Epiphyll,
1378 1853 1469 1893 VIII,

146 1919 188 1950 25
206 1910 335 1951 Crobylus
351 1916 376 1939 et
386 1911 476 1942 tereti.
524 1909 612 1939 Nota
627 1918 676 1937 res
697 1905 748 1937 vel
768 1916 805 1935 ex
821 1904 970 1944 Thucyd.
993 1913 1008 1935 1
1033 1913 1080 1944 pr.
1130 1904 1265 1944 c'rohyliae
1293 1904 1472 1945 conjecerat

143 1961 224 1994 alius
235 1961 286 1992 vir
302 1960 414 1992 doetus
427 1960 460 1991 in
477 1959 598 1991 schedis
610 1957 725 1996 Wolf.‚
745 1957 851 1988 minus
873 1955 986 1998 probe.
1030 1957 1187 1986 teretis—c.
1206 1955 1344 1986 malebat
1358 1956 1471 1992 Heins,

239 2022 309 2054 129.
334 2013 428 2046 vobis.-
454 2020 489 2043 ut
507 2012 547 2043 ad
562 2010 764 2053 Megarenses
781 2007 929 2039 conversa
946 2006 982 2038 fit
1007 2006 1120 2038 oratio.
1167 2007 1307 2049 Scaliger
1323 2007 1402 2048 legit
1418 2022 1472 2038 vo-

147 2068 196 2098 tis.
242 2065 300 2096 ms.
319 2064 411 2096 Basll.
430 2065 513 2095 nobis.
558 2065 662 2094 Immo
679 2073 755 2094 vero
770 2061 922 2103 scr1ptum
939 2059 1001 2090 fuit
1017 2060 1103 2090 urhis.
1150 2060 1213 2090 IVec
1229 2072 1295 2089 vero
1319 2060 1378 2091 ha'c
1393 2062 1471 2090 urbis

146 2117 259 2160 custodia
275 2115 465 2157 vanafitgffit.
512 2115 620 2146 Etiam
636 2114 746 2146 Heius.
759 2112 798 2144 sle
815 2111 973 2143 emendat.
1069 2119 1139 2149 130.
1167 2111 1351 2151 IVccsuerat,
1380 2112 1469 2155 Qid

145 2167 207 2198 hoc
219 2166 280 2198 loci
296 2166 410 2198 habeat
426 2165 494 2207 post
513 2166 692 2209 Necfug'ffet‚
714 2164 865 2206 equidem
877 2173 941 2194 non
957 2160 1116 2202 assequor.
1160 2160 1227 2192 Nifi
1245 2161 1369 2193 doelius
1385 2164 1472 2194 urbis

144 2218 312 2261 epitheton
340 2217 488 2248 fraudem
512 2215 609 2248 fecit:
640 2219 703 2248 Nec
728 2229 794 2247 vero
823 2216 877 2245 lm’c
907 2214 977 2243 orbis
1003 2213 1115 2255 czfiodia
1131 2225 1207 2243 vanu
1224 2214 1324 2256 suffit
1348 2216 1469 2257 IVjfifag

147 2269 269 2302 Saltem
284 2272 399 2313 poeta:
426 2268 535 2310 Irgfelix
547 2269 598 2311 ngfi
612 2269 726 2310 Scylla,
747 2274 779 2298 et
799 2265 943 2309 pluribus
961 2263 1030 2294 aliis
1052 2263 1157 2294 modis
1180 2264 1316 2295 scribere
1334 2274 1473 2307 poterat,

1356 2317 1470 2349 Hcins.

203 2425 288 2463 123.
316 2411 616 2461 Cujus—natura,
631 2421 696 2458 pro
711 2410 775 2459 qui
841 2420 901 2445 co,
958 2405 1059 2443 Nota
1079 2418 1173 2442 nunc
1192 2418 1258 2448 res,
1274 2405 1472 2443 Athenien-

145 2464 268 2504 trinis.
313 2461 433 2500 Barth.
449 2461 600 2499 Advers.
619 2460 775 2506 XXIII,
842 2459 893 2495 ses
921 2463 1227 2507 τεττιγοῼοξὲντκς
1262 2457 1379 2502 fuiffe,
1407 2458 1470 2494 ha-

149 2532 175 2570 9
193 2516 316 2554 laudat
333 2526 378 2551 ex
394 2513 529 2550 Avien.
553 2513 693 2563 Perieg.
724 2516 774 2560 (v.
842 2510 954 2547 buiss'e
971 2510 1135 2546 cicadam
1152 2522 1293 2546 auream
1313 2509 1471 2546 crinium

177 2569 218 2620 7)
238 2573 343 2619 ptjgra
356 2570 451 2615 ponti
470 2565 512 2602 Se
530 2575 657 2603 natura
675 2576 774 2604 tenet.
841 2561 1025 2600 cincinnis
1042 2561 1225 2599 innexam.
1283 2560 1359 2598 Post
1385 2561 1471 2598 Sca-

149 2582 187 2658 Ιςῑ.
203 2629 346 2671 pontus.
843 2613 911 2663 lig.
948 2623 984 2650 et
1020 2613 1181 2649 Taubm.
1220 2612 1266 2648 ad
1300 2612 1335 2650 h.
1373 2613 1398 2649 1.
1435 2623 1471 2649 et

209 2684 293 2721 127.
317 2671 400 2707 128.
431 2667 560 2704 Fibula
572 2680 678 2704 aurea
693 2680 777 2705 nec·
843 2665 983 2702 Meurs.
1018 2678 1053 2702 v.
1073 2663 1239 2702 Perizon.
1263 2664 1308 2700 ad
1333 2665 1471 2702 AElian.

151 2722 249 2759 tebat
277 2733 359 2758 cum
391 2720 530 2757 crinem
547 2719 655 2756 dente
674 2719 779 2756 tereti
842 2717 917 2761 IV,
957 2728 1019 2754 22.
1074 2715 1144 2752 Sed
1169 2715 1337 2766 princeps
1370 2717 1473 2753 locus

152 2773 302 2810 cicadae.
355 2772 444 2808 Erat
458 2771 595 2808 scilicet
614 2771 724 2808 fibula
743 2771 781 2807 in
843 2770 893 2808 est
911 2767 1086 2820 Thucyd.
1108 2767 1142 2813 I,
1160 2769 1198 2808 6.

152 2823 290 2863 cicadae
318 2823 472 2862 formam
489 2822 580 2862 facia
598 2829 664 2863 ritu
682 2821 783 2861 Atti-

1392 2882 1476 2919 133·
