1835 3396
369 177 574 234 CAELO
610 172 1140 233 EXPRESSORUM.
1341 203 1365 235 2
1374 202 1432 250 57

108 315 314 365 frumentis,
341 320 454 358 altera
472 317 624 363 olearia,
644 318 783 356 duabus
809 317 898 355 rotis
925 316 1082 356 in1abro
1100 319 1158 357 seu
1174 319 1256 356 lacu
1275 319 1434 355 circum-

108 379 213 425 astis,
239 393 306 417 axe
322 393 407 417 cum
427 377 619 416 manubrio
635 379 799 428 trajecto,
828 377 1013 428 descriptae
1039 378 1120 416 sunt
1138 379 1184 415 ad
1211 379 1435 429 exemplum,

107 439 208 489 quod
242 439 342 490 apud
371 441 540 476 Guattczn.
585 440 636 475 ad
653 454 688 476 a.
722 440 832 489 1786.
870 448 909 487 p.
938 452 1000 487 40.
1030 448 1142 475 extat.
1198 438 1380 488 Utraque,
1414 450 1435 473 e

107 496 222 552 {coria
237 496 422 536 Vulcania
441 498 548 542 fac'ta,
567 497 633 534 sub
653 498 768 535 ruinis
786 496 1015 547 antiquarum
1036 497 1168 534 aedium
1190 506 1326 547 reperta
1344 495 1433 532 fuit.

107 553 284 594 Machina
302 557 427 595 fimilis
441 556 487 594 ad
508 554 644 594 'semina
660 558 730 596 lini
749 557 950 608 frangenda
965 556 1059 596 inter
1088 557 1254 595 nostrates
1270 556 1434 607 frequen-

107 616 181 655 tari
197 615 326 655 fertur.

131 735 254 779 .XV.
296 751 334 788 p.
374 752 446 787 223
490 745 526 776 in
551 742 670 790 fronte
701 737 842 774 IWoreti.
897 736 1043 774 Aurora
1072 735 1110 774 in
1139 737 1251 774 altum
1281 734 1434 772 evena:

103 796 404 848 quandoquidem
425 799 585 836 Carmen
610 799 648 835 in
681 797 860 834 matutina
890 797 1008 847 operis
1039 796 1165 834 diurni
1196 805 1297 847 parte
1323 807 1435 832 occu-

104 863 230 905 patum
248 857 311 902 est,
337 866 373 894 et
387 857 499 908 primi
518 857 636 895 versus
652 857 758 901 sunt3

314 936 405 985 Jam
423 953 497 975 mox
516 936 675 974 hibernas
695 936 743 974 bis
759 942 900 988 quinque
913 946 1088 988 peregerat
1102 936 1215 982 horas,

312 998 555 1051 Excubitorque
573 1001 658 1035 diem
676 1008 777 1036 cantu
799 1001 1014 1049 praedaret-at
1037 998 1119 1036 ales.

104 1070 351 1119 ‚Mirationem
377 1076 470 1114 mihi
499 1075 602 1121 fecit,
637 1089 721 1113 cum
740 1075 817 1112 diei
844 1086 982 1122 ortum,
1011 1087 1065 1114 tot
1094 1078 1319 1117 nobiliffimis
1345 1081 1435 1130 po&-

106 1141 225 1173 tarum
243 1135 334 1174 locis
362 1137 485 1175 multis
505 1136 622 1174 modis
641 1147 823 1179 ornatum,
844 1137 964 1188 paffirn
983 1138 1137 1188 reperire
1153 1139 1275 1184 liceat,
1299 1140 1434 1178 artium

104 1193 233 1230 ‘contra
267 1207 391 1246 opera,
419 1209 500 1246 quae
518 1194 617 1232 diem
652 1193 857 1245 surgentem
888 1195 1109 1245 exprimant,
1136 1189 1202 1234 eise
1232 1212 1432 1249 perpauca3

105 1254 260 1293 Aurorae
274 1257 421 1307 quidem
440 1257 505 1294 vix
525 1269 637 1293 unum
653 1265 689 1292 et
706 1255 872 1294 alterum.
926 1257 1028 1294 Nam
1053 1258 1116 1296 Sol
1138 1258 1211 1297 fere
1242 1260 1434 1312 quadrigis

104 1312 165 1353 seu
181 1313 281 1366 bigis
298 1318 437 1354 evenus
452 1316 490 1354 in
509 1316 636 1353 caelum
648 1315 810 1352 occurrit
826 1329 835 1352 2
867 1324 906 1352 ut
922 1315 959 1352 in
977 1316 1053 1366 ipsa
1068 1318 1295 1358 dedicatoria
1312 1321 1437 1360 tabula

104 1373 279 1413 cernitur.
334 1374 380 1412 Jn
410 1375 530 1413 numis
570 1373 852 1424 frequentifiima
881 1387 934 1412 res
956 1376 1002 1413 est
1022 1376 1176 1416 Oriens:
1207 1394 1331 1418 verum
1359 1382 1435 1432 ple-

104 1446 259 1485 rumque
277 1447 361 1472 cum
382 1435 581 1486 significatu
601 1444 774 1471 terrarum
801 1434 864 1472 sub
884 1434 1027 1474 oriente
1045 1438 1118 1475 sole
1132 1437 1279 1478 fitarurn
1298 1457 1309 1487 3
1338 1443 1436 1479 unde

105 1492 214 1530 etiarn
233 1495 356 1533 Oriens
373 1497 520 1547 Augusti
544 1504 580 1531 et
609 1495 831 1545 Azcgtstorum
849 1494 997 1544 legitur.
1051 1497 1112 1535 Est
1135 1512 1181 1536 ex
1213 1495 1284 1538 hoc
1300 1515 1434 1553 genere

104 1554 317 1604 praeclarum
349 1555 528 1593 numisma
562 1554 658 1591 inter
693 1555 824 1603 Pisana
851 1555 923 1592 tab.
958 1558 1017 1594 18.
1094 1558 1291 1606 Auroram,
1330 1572 1370 1600 ut
1396 1574 1434 1600 et

109 1612 286 1659 Noctem,
311 1617 441 1653 eodem
457 1616 529 1653 fere
543 1615 670 1651 habitu
690 1614 884 1664 expressam
901 1615 1066 1655 videmus
1085 1619 1130 1656 de
1149 1622 1250 1658 terris
1267 1623 1432 1662 Orientis

104 1681 142 1709 et
171 1672 387 1712 Occidentis
408 1676 446 1712 in
463 1689 551 1712 arcu
568 1674 815 1719 Constantini,
843 1676 1059 1727 anaglyphis
1093 1693 1138 1716 ex
1160 1693 1246 1719 arcu
1276 1683 1430 1735 Trajani

104 1730 230 1782 spoliis
246 1734 451 1771 transsatis:
481 1748 516 1772 v.
545 1735 653 1771 Arcus
672 1734 828 1778 Bellwz'i,
849 1744 885 1770 et
899 1737 1115 1775 Admiranda
1133 1750 1159 1775 t.
1191 1753 1253 1780 22.
1284 1756 1302 1780 2
1311 1757 1346 1792 3.
1376 1747 1428 1783 ed.

98 1801 161 1841 pr.
214 1791 267 1829 At
287 1793 447 1838 Aurora,
474 1807 544 1844 qua
563 1793 640 1830 dies
662 1793 807 1830 nascens
833 1794 1052 1840 declaretur,
1079 1797 1141 1835 vix
1159 1803 1321 1840 occurrit
1338 1818 1429 1855 prae-

105 1860 269 1902 terquarn
285 1852 324 1890 in
342 1867 454 1890 numo
473 1854 594 1904 gentis
614 1853 778 1898 Plautiae,
798 1853 892 1891 inter
919 1871 1031 1894 numos
1049 1857 1229 1898 Famzliar.
1259 1865 1430 1903 Romana-

105 1926 180 1949 rum
207 1912 328 1962 paflim
353 1913 480 1957 obvio,
499 1916 604 1963 cujus
622 1914 871 1965 interpretatio
895 1916 1047 1954 debetur
1065 1919 1166 1959 Abb.
1187 1920 1359 1962 Eckhelii
1377 1925 1430 1962 V.

107 1971 157 2009 C.
187 1971 388 2024 sagacitati.
442 1973 546 2011 Idem
583 1984 688 2025 typus
726 1976 902 2026 expressus
932 1977 979 2013 est
1014 1977 1054 2014 in
1085 1992 1230 2029 gemma
1261 1985 1430 2032 praeclara

108 2029 226 2068 Ducis
254 2032 520 2070 Aurelianensis
554 2033 600 2070 ab
619 2034 758 2072 artifice
787 2035 905 2080 Rufo,
933 2035 1027 2073 forte
1046 2037 1178 2076 liberto
1206 2040 1358 2093 alicujus
1383 2057 1427 2081 ex

102 2099 215 2140 gente
234 2089 394 2135 Plautia,
423 2092 459 2128 in
473 2105 541 2142 qua
560 2103 636 2130 erat
654 2093 794 2131 familia
812 2095 1018 2133 Ruforum:
1046 2098 1125 2143 etfi,
1143 2099 1206 2136 nifi
1220 2099 1282 2136 ille
1301 2115 1429 2141 numus

103 2149 292 2200 prostaret,
319 2148 526 2189 Victoriam
557 2153 726 2203 equidem
745 2154 783 2191 in
810 2168 953 2206 gemma
981 2158 1225 2208 agnoscerem.
1281 2161 1340 2199 Ex
1366 2163 1428 2200 ista

106 2223 251 2262 gemma
283 2210 458 2258 (Cabinet
473 2215 518 2250 du
537 2214 616 2251 Duc
631 2217 669 2250 d’
688 2215 834 2252 Orleam
851 2217 911 2253 To.
933 2217 967 2254 I.
996 2218 1069 2255 tab.
1100 2223 1179 2270 45.)
1208 2223 1363 2272 expressa
1381 2224 1431 2262 est

105 2270 224 2308 nostra
240 2270 425 2310 icuncula.
479 2271 606 2310 Minus
624 2284 720 2311 certa
734 2275 781 2311 est
800 2275 910 2312 altera
931 2276 1076 2314 Aurora
1092 2277 1174 2316 ibid.
1203 2290 1229 2315 t.
1258 2293 1323 2330 44.

157 2385 273 2424 XVI.
305 2400 342 2437 p.
373 2389 672 2438 236-st1bfincm
691 2391 828 2428 Morem:
884 2392 971 2430 Duo
999 2393 1118 2445 capita
1148 2396 1343 2443 Afrorum,
1377 2398 1430 2436 fe-

102 2446 211 2485 minae
226 2455 263 2484 et
279 2445 402 2490 maris,
429 2460 474 2484 ex
493 2449 648 2498 gemmis
663 2466 673 2494 3
704 2451 741 2487 in
766 2452 912 2489 Gemmis
931 2452 1090 2490 litterati,-
1109 2455 1272 2493 Ficoronii
1295 2468 1333 2506 p.
1363 2471 1382 2509 7
1394 2472 1405 2494 1
1419 2486 1429 2496 .

93 2507 164 2557 fig.
192 2518 213 2554 3
242 2516 274 2542 et
300 2505 339 2543 6.
392 2505 539 2544 Scilicet
560 2509 795 2547 memorabile
815 2512 877 2555 est,
906 2513 1005 2562 quod
1034 2513 1072 2549 in
1095 2514 1172 2564 ipso
1186 2516 1346 2554 carmine
1367 2530 1430 2554 oc·

107 2564 220 2602 currit
236 2564 379 2614 Cybale
396 2579 433 2604 v.
463 2580 510 2615 32
531 2568 609 2619 sqq.

257 2645 353 2693 Afra
364 2659 484 2696 genus,
510 2656 582 2682 tota
603 2651 756 2695 patriam
775 2650 910 2696 testante
924 2650 1061 2701 figura,

260 2703 367 2740 Torta
383 2719 520 2749 comam,
535 2704 691 2756 labroque
708 2716 847 2750 lumem,
861 2713 997 2760 et-flgsca
1012 2711 1143 2748 colorem
1157 2727 1169 2756 ;

256 2760 392 2799 Ρεέῖονε
422 2763 512 2807 lam,
528 2766 649 2814 jacens
669 2773 833 2809 mammis,
860 2768 1058 2817 compr-ffor
1074 2770 1170 2813 alvo,

157 2818 271 2859 ToM.
293 2819 364 2860 IV.
763 2838 779 2861 r
1262 2831 1296 2866 C
1298 2831 1429 2871 ,ruribus
