1835 3396
360 189 1051 248 CATALFCTA.

1279 201 1371 252 203

123 336 320 391 Cumsta,
349 347 503 396 neque
525 329 742 393 indigno,
768 325 929 382 Musa,
956 321 1129 371 dedere
1150 321 1308 376 bona;

60 426 257 480 Cuncsta,
296 422 468 485 quibus
502 419 678 484 gaudet
712 415 940 472 Phoebus,
975 412 1148 460 chorus
1184 411 1377 474 ipseque

255 510 431 559 Phoebi
446 533 460 564 ;

127 606 330 655 Donstior
351 620 381 650 o
404 601 510 665 quis
533 613 595 657 te,
629 597 785 656 Musa,
809 596 943 644 fuiffe
964 593 1151 659 potest?

60 698 109 746 O
131 696 239 764 quis
261 707 306 742 te
324 695 372 740 in
392 692 526 740 terris
545 689 758 751 loquitur
775 685 1035 750 jucundior
1057 681 1186 729 uno?

131 786 240 833 Clio
262 800 375 831 nam
399 792 524 828 certe
546 776 750 825 candida
768 790 863 821 non
888 773 1116 836 quuitur.

1324 780 1386 814 10

63 875 224 940 Qare
247 870 367 918 illud
391 868 500 916 satis
525 865 605 922 est,
629 864 664 911 fi
689 876 737 911 te
755 863 993 927 permittis
1012 861 1190 915 amari;

130 959 261 1017 Non,
284 969 446 1006 contra
467 966 522 1002 ut
545 952 600 1000 fit
624 968 760 1000 amor
783 963 975 999 mutuus
995 949 1107 997 inde
1127 948 1265 997 mihi.

660 1120 801 1170 XIV.

447 1255 505 1286 IN
539 1253 600 1286 OC
611 1251 760 1282 TAVII
800 1249 1036 1283 MORTEM.

70 1361 194 1427 Qis
218 1358 348 1416 deus,
368 1357 556 1415 Oftavi,
580 1369 626 1403 te
647 1354 784 1401 nobis
808 1351 1031 1400 abstulit?
1066 1366 1143 1408 an,
1167 1366 1278 1412 quae

136 1452 337 1506 Dicunt,
361 1464 421 1495 an
445 1447 598 1494 nimio
618 1445 792 1508 pocula
822 1442 938 1489 dura
961 1458 1093 1489 mero
1113 1442 1131 1488 ?

73 1541 223 1589 Vobis
247 1540 282 1587 fi
303 1540 446 1603 culpa
471 1537 536 1584 est
558 1536 696 1582 bilis:
732 1534 811 1581 sua
835 1549 1073 1597 quemque
1097 1533 1355 1597 sequuntur

137 1630 254 1679 Fata
268 1654 281 1685 ;
316 1629 446 1692 quod
470 1626 683 1674 inmeriti
705 1625 893 1675 crimen
915 1625 1089 1672 habent
1112 1625 1305 1687 cyathi?

75 1720 262 1784 Scripta
283 1717 481 1782 quidem
505 1728 585 1764 tua
607 1732 692 1763 nos
716 1716 927 1763 multum
951 1716 1250 1773 mirabimur,
1285 1730 1331 1764 et
1352 1728 1401 1764 te

140 1813 372 1880 Raptum,
397 1822 443 1857 et
466 1810 740 1856 Romanam
763 1807 985 1854 flebimus
1010 1807 1273 1855 historiam.
1372 1808 1403 1855 6

135 1978 195 2003 10.
224 1962 303 2002 Clio
330 1971 400 1999 tam
430 1969 514 2000 certe
541 1956 711 1998 emenda-

78 2015 134 2056 vit
151 2013 309 2054 casaub.

337 2115 452 2155 XIV.

134 2170 227 2214 vid,
248 2170 286 2207 in
302 2169 456 2206 Anthol.
476 2166 559 2204 Lat.
590 2165 657 2203 lib.
673 2164 711 2202 Π

84 2225 156 2276 Ep.
196 2223 259 2274 65.
324 2219 478 2259 Claudit
522 2219 591 2255 hoc
635 2217 712 2268 epi-

86 2287 249 2328 gramma
284 2285 412 2324 agmen
442 2270 711 2314 cataleflorum‚

86 2341 166 2377 quae
180 2325 327 2364 Maroni
354 2324 464 2374 vulgo
491 2322 712 2360 tribuuntur.

91 2379 187 2431 Qis
219 2377 281 2415 hic
319 2375 494 2414 Offlavius
524 2374 582 2418 fit,
609 2374 713 2424 igno-

93 2431 179 2475 rari,
209 2443 253 2467 eo
283 2428 396 2474 magis
414 2426 642 2465 mirationem
661 2425 713 2461 fa-

90 2483 156 2526 cit,
189 2481 288 2530 quod
322 2479 463 2529 scriptis
499 2478 622 2514 multis
660 2477 714 2513 in-

88 2533 250 2572 claruisse
283 2542 319 2569 et
352 2531 531 2569 historiam
579 2529 715 2566 Roma-

91 2599 175 2622 nam
194 2585 371 2634 aggreffus
394 2584 459 2620 effe
486 2591 648 2617 narratur
680 2594 717 2617 v.

95 2650 131 2688 5.
162 2638 199 2674 6.
253 2635 347 2673 Eum
365 2636 531 2685 juvenem
559 2643 639 2669 ante
657 2645 716 2682 pa-

93 2697 186 2726 trem
221 2687 314 2725 inter
347 2687 491 2736 pocula,
535 2697 618 2721 cum
659 2696 719 2720 ex-

96 2738 308 2784 canduiffet,
353 2748 495 2790 repente
539 2746 722 2774 mortuum

774 1959 843 1996 effe
877 1957 944 2002 ita,
976 1966 1016 1994 ut
1048 1959 1095 1998 de
1125 1959 1242 1995 caussa
1278 1958 1406 1996 mortis

776 2008 960 2047 'dubitatio
991 2010 1087 2054 effer,
1131 2023 1150 2047 a
1186 2014 1296 2061 poi-{ta
1331 2009 1405 2047 dis-

776 2062 907 2104 cimus,
949 2062 1013 2112 qui
1057 2063 1208 2099 caussam
1251 2062 1289 2099 in
1333 2061 1405 2099 ira-

776 2113 948 2151 cundiam
966 2128 987 2150 a
1004 2127 1102 2151 mero
1131 2123 1287 2152 avertere
1321 2115 1407 2151 alla<

775 2165 894 2204 borat.

832 2232 865 2255 2.
887 2218 1007 2267 pocula
1033 2219 1121 2256 dara
1146 2217 1210 2254 vix
1241 2217 1332 2254 bene
1351 2217 1408 2255 di-2-

776 2279 929 2314 cuntur;
962 2269 1088 2306 melius
1119 2270 1197 2306 dira
1215 2283 1298 2306 cum
1328 2269 1408 2306 Ou-

778 2320 996 2372 dendorpio,
1008 2321 1065 2359 vel
1079 2323 1180 2360 dulia
1190 2335 1274 2360 cum
1288 2321 1407 2359 Hein-

780 2373 829 2410 fio
848 2374 956 2424 legas.

837 2440 871 2473 3.
911 2425 1004 2462 Vobis
1037 2431 1072 2463 in
1099 2425 1197 2475 culpa
1236 2427 1278 2476 (st
1318 2425 1407 2464 bilis.

782 2477 940 2514 Laborat
967 2487 1073 2526 caput
1106 2477 1236 2520 versus.
1307 2477 1409 2517 Cod„

783 2529 819 2565 V
822 2530 883 2566 off.
932 2529 1094 2577 Vobffcum
1120 2531 1162 2577 st
1191 2533 1232 2578 1st
1262 2529 1411 2579 culpabi-

781 2582 819 2618 li.
876 2580 1006 2617 Heius.
1042 2580 1135 2616 lfcbis
1152 2583 1208 2629 fic
1239 2582 1336 2631 culpa
1367 2584 1410 2630 1st

782 2633 855 2669 bilis
888 2632 944 2669 vel
980 2633 1091 2668 Haud
1121 2640 1202 2670 necis
1237 2640 1270 2669 in
1312 2632 1411 2681 culpa

784 2687 825 2734 est
844 2684 929 2722 bilis.
984 2684 1023 2719 In
1050 2694 1194 2733 promtu
1223 2686 1269 2721 est
1301 2686 1411 2721 multa

785 2734 1041 2776 comminisci:
1072 2736 1130 2775 Aa:
1161 2744 1266 2790 magis
1284 2742 1318 2774 in
1345 2736 1413 2772 cul-

1370 2798 1413 2829 fc:
